"id","data","banco","descricao","valor","saldo","tipo"
1,"2023-10-31","totta","Transferência para Nr. Xxxxx8296",-3.00,83.00,"Transferência"
2,"2023-10-31","totta","Quintalao Livraria",-12.00,86.00,"diversos"
3,"2023-10-31","totta","Carregamento Vodafone Sa",-16.00,97.00,"fixas"
4,"2023-10-31","totta","Pagamento Eupago.com",-50.00,113.00,"NULL"
5,"2023-10-31","totta","Subscrição Ppr Cap. Garantido",-25.00,163.00,"NULL"
6,"2023-10-31","totta","Aegon Santander",-37.00,188.00,"seguro"
7,"2023-10-31","totta","Petrogal",-13.00,225.00,"fixas"
8,"2023-10-30","totta","Paypal Microsoft",-7.00,238.00,"Microsoft"
9,"2023-10-30","totta","Primark Coimbra",-30.00,245.00,"vestuario"
10,"2023-10-30","totta","Transferência para Maria Das Gracas Dos",-14.00,275.00,"Transferência"
11,"2023-10-30","totta","Meu Super Condeixa",-9.00,289.00,"mercado"
12,"2023-10-30","totta","Levantamento Condeixa-a-nova",-10.00,298.00,"NULL"
13,"2023-10-27","totta","Pago.Fact R Atsire01r/6",38.00,308.00,"NULL"
14,"2023-10-27","totta","Pago.Fact R Atsire01r/5",38.00,270.00,"NULL"
15,"2023-10-27","totta","Atitude",-36.00,233.00,"NULL"
16,"2023-10-27","totta","Mini Preco Vasco Val",-6.00,269.00,"mercado"
17,"2023-10-27","totta","Levantamento Condeixa-a-nova",-20.00,275.00,"NULL"
18,"2023-10-27","totta","Cantinho Doce",-4.00,295.00,"restaurante"
19,"2023-10-31","totta","Transferência para Nr. Xxxxx8296",-3.00,83.00,"Transferência"
20,"2023-10-31","totta","Quintalao Livraria",-12.00,86.00,"diversos"
21,"2023-10-31","totta","Carregamento Vodafone Sa",-16.00,97.00,"fixas"
22,"2023-10-31","totta","Pagamento Eupago.com",-50.00,113.00,"NULL"
23,"2023-10-31","totta","Subscrição Ppr Cap. Garantido",-25.00,163.00,"NULL"
24,"2023-10-31","totta","Aegon Santander",-37.00,188.00,"seguro"
25,"2023-10-31","totta","Petrogal",-13.00,225.00,"fixas"
26,"2023-10-30","totta","Paypal Microsoft",-7.00,238.00,"Microsoft"
27,"2023-10-30","totta","Primark Coimbra",-30.00,245.00,"vestuario"
28,"2023-10-30","totta","Transferência para Maria Das Gracas Dos",-14.00,275.00,"Transferência"
29,"2023-10-30","totta","Meu Super Condeixa",-9.00,289.00,"mercado"
30,"2023-10-30","totta","Levantamento Condeixa-a-nova",-10.00,298.00,"NULL"
31,"2023-10-27","totta","Pago.Fact R Atsire01r/6",38.00,308.00,"NULL"
32,"2023-10-27","totta","Pago.Fact R Atsire01r/5",38.00,270.00,"NULL"
33,"2023-10-27","totta","Atitude",-36.00,233.00,"NULL"
34,"2023-10-27","totta","Mini Preco Vasco Val",-6.00,269.00,"mercado"
35,"2023-10-27","totta","Levantamento Condeixa-a-nova",-20.00,275.00,"NULL"
36,"2023-10-27","totta","Cantinho Doce",-4.00,295.00,"restaurante"
37,"2023-10-26","totta","Transferência para Nr. Xxxxx5575",-120.00,299.00,"Transferência"
38,"2023-10-26","totta","Transferência para Igreja Baptista De C",-50.00,419.00,"Transferência"
39,"2023-10-26","totta","Quintalao Livraria",-6.00,469.00,"diversos"
40,"2023-10-26","totta","Nails 4 Us",-29.00,476.00,"beleza"
41,"2023-10-26","totta","Trf.Créd.N.Sepa+recebida 0018375169600113092",321.00,505.00,"NULL"
42,"2023-10-26","totta","Primark Coimbra",-76.00,184.00,"vestuario"
43,"2023-10-25","totta","Transferência para Nr. XXXXX5869",-26.00,260.00,"Transferência"
44,"2023-10-25","totta","Continente Bom Dia",-7.00,285.00,"mercado"
45,"2023-10-25","totta","Levantamento Condeixa-a-nova",-10.00,292.00,"NULL"
46,"2023-10-25","totta","Paypal Spotify",-8.00,302.00,"lazer"
47,"2023-10-25","totta","Aegon Santander",-27.00,310.00,"seguro"
48,"2023-10-24","totta","Transferência para Nr. XXXXX7035",-630.00,337.00,"Transferência"
49,"2023-10-24","totta","Transferência para Andrea",-7.00,967.00,"Transferência"
50,"2023-10-24","totta","Mania Poke Bowls",-24.00,974.00,"restaurante"
51,"2023-10-24","totta","Continente",-78.00,998.00,"mercado"
52,"2023-10-24","totta","Celeiro Forum Coimbr",-22.00,1076.00,"NULL"
53,"2023-10-24","totta","Transferência para Nr. XXXXX7805",-10.00,1098.00,"Transferência"
54,"2023-10-23","totta","Transferência para Nr. XXXXX8578",-80.00,1108.00,"Transferência"
55,"2023-10-23","totta","Pagamento de serviços",-175.00,1188.00,"NULL"
56,"2023-10-23","totta","Pagamento de serviços",-175.00,1363.00,"NULL"
57,"2023-10-23","totta","Via Verde",-17.00,1538.00,"NULL"
58,"2023-10-23","totta","Primark Coimbra",-32.00,1554.00,"vestuario"
59,"2023-10-23","totta","Paypal Disneyplus",-9.00,1587.00,"lazer"
60,"2023-10-23","totta","Adhoc Gym",-20.00,1596.00,"NULL"
61,"2023-10-23","totta","Adhoc Gym",-20.00,1616.00,"NULL"
62,"2023-10-23","totta","Transferência para Nr. XXXXX6995",-12.00,1635.00,"Transferência"
63,"2023-10-20","totta","Pagamento Eupago.com",-608.00,1648.00,"NULL"
64,"2023-10-20","totta","Inter Condeixa",-40.00,2256.00,"mercado"
65,"2023-10-20","totta","Celeiro Forum Coimbr",-10.00,2296.00,"NULL"
66,"2023-10-20","totta","Credito D.O.(liq.)",2000.00,2306.00,"NULL"
67,"2023-10-20","totta","Mini Preco Vasco Val",-13.00,306.00,"mercado"
68,"2023-10-19","totta","Levantamento Condeixa-a-nova",-10.00,320.00,"NULL"
69,"2023-10-19","totta","Imp.Selo-Marcley da Costa Car-E3497497",0.00,330.00,"NULL"
70,"2023-10-19","totta","Comissão-Marcley da Costa Car-E3497497",-2.00,330.00,"NULL"
71,"2023-10-19","totta","Transferência para Marcley Da Costa Car",-150.00,332.00,"Transferência"
72,"2023-10-18","totta","Nutricao A Granel",-16.00,482.00,"mercado"
73,"2023-10-18","totta","Carregamento Vodafone Sa",-12.00,497.00,"fixas"
74,"2023-10-17","totta","Transferência para Marcley",-5.00,509.00,"Transferência"
75,"2023-10-17","totta","Transferência de Nilo Antonio Rocha",100.00,514.00,"Transferência"
76,"2023-10-17","totta","Farmacia Rocha",-92.00,414.00,"NULL"
77,"2023-10-17","totta","Transferência para Nr. XXXXX7805",-10.00,507.00,"Transferência"
78,"2023-10-16","totta","Transferência para Igreja Baptista De Coimbra",-215.00,517.00,"Transferência"
79,"2023-10-16","totta","Transferência para Marcley",-5.00,732.00,"Transferência"
80,"2023-10-16","totta","Cantinho Doce",-5.00,737.00,"restaurante"
81,"2023-10-16","totta","Continente Bom Dia",-64.00,742.00,"mercado"
82,"2023-10-16","totta","Transferência para Nr. XXXXX2872",-70.00,806.00,"Transferência"
83,"2023-10-16","totta","Via Verde",-28.00,876.00,"NULL"
84,"2023-10-16","totta","Paypal Steam Games",-12.00,903.00,"lazer"
85,"2023-10-16","totta","Paypal Google Google",-2.00,915.00,"NULL"
86,"2023-10-16","totta","Domino S Pizza Coimb",-14.00,917.00,"restaurante"
87,"2023-10-16","totta","Imposto do Selo sobre comissão",0.00,931.00,"NULL"
88,"2023-10-16","totta","Comissão de manutenção de conta pacote",-6.00,932.00,"NULL"
89,"2023-10-13","totta","Levantamento Coimbra",-10.00,937.00,"NULL"
90,"2023-10-13","totta","Ctt - Correios",-7.00,947.00,"alc"
91,"2023-10-13","totta","Restaurante .come",-20.00,954.00,"restaurante"
92,"2023-10-13","totta","Transferência para Marcley",-5.00,974.00,"Transferência"
93,"2023-10-13","totta","Restaurante Tinella",-24.00,979.00,"restaurante"
94,"2023-10-12","totta","Trf.Imed.   de Marli Neves Panao-R3342409",240.00,1003.00,"NULL"
95,"2023-10-12","totta","Cont Bom Dia Coimbra",-1.00,763.00,"mercado"
96,"2023-10-11","totta","Transferência para Nr. XXXXX7805",-40.00,764.00,"Transferência"
97,"2023-10-11","totta","Petrogal",-104.00,804.00,"fixas"
98,"2023-10-11","totta","Carregamento Vodafone",-16.00,909.00,"fixas"
99,"2023-10-10","totta","Trf.Imed.   de Fonseca Abreu Jorge Antoni-R3323134",400.00,925.00,"NULL"
100,"2023-10-10","totta","Transferência recebida",12.00,525.00,"Transferência"
101,"2023-10-10","totta","Mini Preco Vasco Val",-11.00,513.00,"mercado"
102,"2023-10-10","totta","Mania Poke Bowls",-25.00,523.00,"restaurante"
103,"2023-10-10","totta","Zara",-26.00,548.00,"NULL"
104,"2023-10-10","totta","Transferência para Andrea",-5.00,574.00,"Transferência"
105,"2023-10-09","totta","Pagamento de serviços",-67.00,579.00,"NULL"
106,"2023-10-09","totta","Mini Preco Vasco Val",-8.00,646.00,"mercado"
107,"2023-10-09","totta","Ctt - Correios",-4.00,654.00,"alc"
108,"2023-10-09","totta","Imp.Selo-Renda - Outubro 2023-E1674858",0.00,658.00,"NULL"
109,"2023-10-09","totta","Comissão-Renda - Outubro 2023-E1674858",-2.00,658.00,"NULL"
110,"2023-10-09","totta","Transferência para Maria Albertina Da Costa Neves Pime",-220.00,660.00,"Transferência"
111,"2023-10-09","totta","Transferência de Bruno Franco Alves",90.00,880.00,"Transferência"
112,"2023-10-09","totta","Via Verde",-10.00,790.00,"NULL"
113,"2023-10-09","totta","Primark Coimbra",-9.00,800.00,"vestuario"
114,"2023-10-09","totta","Primark Coimbra",-2.00,809.00,"vestuario"
115,"2023-10-09","totta","Hm Coimbra",-8.00,811.00,"bens"
116,"2023-10-09","totta","Primark Coimbra",-17.00,819.00,"vestuario"
117,"2023-10-09","totta","Meo. Sa",-53.00,836.00,"fixas"
118,"2023-10-09","totta","Adyen Nv",-74.00,889.00,"NULL"
119,"2023-10-09","totta","Adhoc Gym",-20.00,963.00,"NULL"
120,"2023-10-09","totta","Adhoc Gym",-20.00,983.00,"NULL"
121,"2023-10-09","totta","Continente Bom Dia",-18.00,1002.00,"mercado"
122,"2023-10-09","totta","Restaurante .come",-56.00,1020.00,"restaurante"
123,"2023-10-09","totta","Rest Tennessee",-29.00,1076.00,"restaurante"
124,"2023-10-06","totta","Continente",-21.00,1105.00,"mercado"
125,"2023-10-06","totta","Zara",-16.00,1126.00,"NULL"
126,"2023-10-06","totta","Burger King Forum",-3.00,1142.00,"NULL"
127,"2023-10-06","totta","Nutricao A Granel",-19.00,1145.00,"mercado"
128,"2023-10-06","totta","Transferência para Andrea",-5.00,1164.00,"Transferência"
129,"2023-10-06","totta","Cantinho Doce",-6.00,1169.00,"restaurante"
130,"2023-10-06","totta","Universo. Ime S.",-50.00,1175.00,"NULL"
131,"2023-10-06","totta","Tomatino For Coimbra",-9.00,1225.00,"NULL"
132,"2023-10-06","totta","Celeiro Forum Coimbr",-13.00,1234.00,"NULL"
133,"2023-10-06","totta","Mania Poke Bowls",-28.00,1247.00,"restaurante"
134,"2023-10-06","totta","Zara",-26.00,1275.00,"NULL"
135,"2023-10-06","totta","Zara",-26.00,1301.00,"NULL"
136,"2023-10-06","totta","Paypal Google Google",-2.00,1327.00,"NULL"
137,"2023-10-06","totta","Transferência para Domague",-44.00,1329.00,"Transferência"
138,"2023-10-04","totta","Trf.Imed.   de Transferwise-R3253903",806.00,1373.00,"NULL"
139,"2023-10-04","totta","Coffe Box",-5.00,567.00,"NULL"
140,"2023-10-04","totta","Transferência de Carlos Castanho Junior",300.00,572.00,"Transferência"
141,"2023-10-04","totta","Rest Da Terra",-21.00,272.00,"restaurante"
142,"2023-10-04","totta","Transferência para Igreja Baptista De Coimbra",-105.00,293.00,"Transferência"
143,"2023-10-04","totta","Transferência de Maria Das Gracas Dos Santos",117.00,398.00,"Transferência"
144,"2023-10-04","totta","Pagamento de conta cartão",-221.00,281.00,"NULL"
145,"2023-10-04","totta","Pagamento de conta cartão",-20.00,502.00,"NULL"
146,"2023-10-04","totta","Carregamento telemóvel",-12.00,522.00,"NULL"
147,"2023-10-04","totta","Nyx*areasportugal",-1.00,534.00,"NULL"
148,"2023-10-03","totta","Perfumes & Companhia",-41.00,536.00,"beleza"
149,"2023-10-03","totta","Auchan Coimbra",-6.00,576.00,"NULL"
150,"2023-10-03","totta","Mania Poke Bowls",-13.00,582.00,"restaurante"
151,"2023-10-03","totta","Transferência para Nr. XXXXX5869",-9.00,596.00,"Transferência"
152,"2023-10-03","totta","Pensão Instituto Nacional Do Seguro Social",291.00,604.00,"entrada"
153,"2023-10-03","totta","Transferência para Nr. XXXXX7805",-14.00,314.00,"Transferência"
154,"2023-10-03","totta","Imp.Selo de Tramitação Manual",0.00,328.00,"NULL"
155,"2023-10-03","totta","Comissão de Tramitação Manual",-5.00,328.00,"NULL"
156,"2023-10-02","totta","Credito Habitacao Geral (59/366)",-255.00,332.00,"bens"
157,"2023-10-02","totta","Seguro multi-riscos",-15.00,587.00,"NULL"
158,"2023-10-02","totta","Seguro de vida",-41.00,603.00,"NULL"
159,"2023-10-02","totta","Via Verde",-2.00,644.00,"NULL"
160,"2023-10-02","totta","Aegon Santander",-37.00,646.00,"seguro"
161,"2023-10-02","totta","Petrogal",-15.00,683.00,"fixas"
162,"2023-10-02","totta","Municipio De Con",-41.00,697.00,"fixas"
163,"2023-09-29","totta","Trf.Imed.   de Transferwise-R3196383",150.00,738.00,"NULL"
164,"2023-09-29","totta","Levantamento Condeixa-a-nova",-10.00,588.00,"NULL"
165,"2023-09-29","totta","Continente",-7.00,598.00,"mercado"
166,"2023-09-29","totta","Celeiro Forum Coimbr",-17.00,606.00,"NULL"
167,"2023-09-29","totta","Nails 4 Us",-29.00,622.00,"beleza"
168,"2023-09-29","totta","Subscrição Ppr Cap. Garantido",-25.00,651.00,"NULL"
169,"2023-09-28","totta","Transferência de Elira Samara Silva",600.00,676.00,"Transferência"
170,"2023-09-28","totta","Irn Nacionalidade",-250.00,76.00,"alc"
171,"2023-09-28","totta","Irn Nacionalidade",-175.00,326.00,"alc"
172,"2023-09-28","totta","Paypal Microsoft",-7.00,501.00,"Microsoft"
173,"2023-09-28","totta","Vodafone Portuga",-39.00,508.00,"fixas"
174,"2023-09-26","totta","Trf.Imed.   de Julio Cesar de Sousa Baiao-R3151344",175.00,548.00,"NULL"
175,"2023-09-25","totta","Levantamento Coimbra",-20.00,373.00,"NULL"
176,"2023-09-25","totta","Adhoc Gym",-20.00,393.00,"NULL"
177,"2023-09-25","totta","Adhoc Gym",-20.00,413.00,"NULL"
178,"2023-09-25","totta","Transferência de Marcelo Souza Pinto",446.00,433.00,"Transferência"
179,"2023-09-25","totta","Aegon Santander",-27.00,-13.00,"seguro"
180,"2023-09-25","totta","Continente Bom Dia",-3.00,14.00,"mercado"
181,"2023-09-25","totta","Mini Preco Vasco Val",-2.00,17.00,"mercado"
182,"2023-09-22","totta","Antonio Manuel",-6.00,19.00,"NULL"
183,"2023-09-22","totta","Quintalao Livraria",-15.00,25.00,"diversos"
184,"2023-09-22","totta","Nutricao A Granel",-37.00,40.00,"mercado"
185,"2023-09-22","totta","Levantamento Condeixa-a-nova",-10.00,77.00,"NULL"
186,"2023-09-22","totta","Via Verde",-35.00,87.00,"NULL"
187,"2023-09-22","totta","Paypal Spotify",-8.00,122.00,"lazer"
188,"2023-09-21","totta","Carregamento Vodafone Sa",-12.00,130.00,"fixas"
189,"2023-09-20","totta","Paypal Disneyplus",-9.00,142.00,"lazer"
190,"2023-09-18","totta","Transferência para Igreja Baptista De Coimbra",-45.00,151.00,"Transferência"
191,"2023-09-15","totta","Transferência para Nr. XXXXX7805",-40.00,196.00,"Transferência"
192,"2023-09-15","totta","Via Verde",-3.00,236.00,"NULL"
193,"2023-09-14","totta","Transferência de Nilo Antonio Rocha",100.00,238.00,"Transferência"
194,"2023-09-13","totta","Transferência de Adriana Levindo",45.00,138.00,"Transferência"
195,"2023-09-13","totta","Paypal Google Google",-2.00,93.00,"NULL"
196,"2023-09-12","totta","Correia & Combo,lda",-4.00,95.00,"NULL"
197,"2023-09-12","totta","Transferência para Marcley",-15.00,99.00,"Transferência"
198,"2023-09-12","totta","Carregamento Vodafone Sa",-16.00,114.00,"fixas"
199,"2023-09-11","totta","Transferência de Marcley Costa Carvalho",200.00,130.00,"Transferência"
200,"2023-09-11","totta","Débito Direto-Petrogal-00000068658",-79.00,-70.00,"fixas"
201,"2023-09-11","totta","Transferência para Nr. XXXXX2016",-20.00,9.00,"Transferência"
202,"2023-09-11","totta","Imposto do Selo sobre comissão",0.00,29.00,"NULL"
203,"2023-09-11","totta","Comissão de manutenção de conta pacote",-6.00,29.00,"NULL"
204,"2023-09-08","totta","Transferência para Nr. XXXXX9792",-100.00,35.00,"Transferência"
205,"2023-09-08","totta","Transferência de Maria Das Gracas Dos Santos",110.00,135.00,"Transferência"
206,"2023-09-08","totta","Via Verde",-17.00,25.00,"NULL"
207,"2023-09-07","totta","Pagamento Irn",-175.00,41.00,"alc"
208,"2023-09-07","totta","Cantinho Doce",-9.00,216.00,"restaurante"
209,"2023-09-07","totta","Celeiro Forum Coimbr",-11.00,225.00,"NULL"
210,"2023-09-07","totta","B25 Parfois Cc Forum",-28.00,237.00,"NULL"
211,"2023-09-07","totta","Nails 4 Us",-29.00,265.00,"beleza"
212,"2023-09-07","totta","Adyen Nv",-74.00,294.00,"NULL"
213,"2023-09-06","totta","Transferência para Nr. Xxxxx2551",-10.00,368.00,"Transferência"
214,"2023-09-06","totta","Fnac Forum Coimbra",-14.00,378.00,"NULL"
215,"2023-09-06","totta","Via Verde",-5.00,392.00,"NULL"
216,"2023-09-06","totta","Meo. Sa",-47.00,397.00,"fixas"
217,"2023-09-06","totta","Petrogal",-13.00,444.00,"fixas"
218,"2023-09-06","totta","Universo. Ime S.",-50.00,456.00,"NULL"
219,"2023-09-05","totta","Trf.Imed.   de Daniela Gorgatti-R2946064",338.00,506.00,"NULL"
220,"2023-09-05","totta","Mdtec",-18.00,169.00,"alc"
221,"2023-09-05","totta","Ctt - Correios",-9.00,186.00,"alc"
222,"2023-09-05","totta","Pagamento de conta cartão",-20.00,195.00,"NULL"
223,"2023-09-05","totta","Pagamento de conta cartão",-223.00,215.00,"NULL"
224,"2023-09-05","totta","Transferência de Maria Das Gracas Dos Santos",117.00,438.00,"Transferência"
225,"2023-09-05","totta","Continente Bom Dia",-33.00,321.00,"mercado"
226,"2023-09-05","totta","Paypal Google Google",-2.00,354.00,"NULL"
227,"2023-09-05","totta","Transferência para Domague",-44.00,356.00,"Transferência"
228,"2023-09-05","totta","Transferência de Bruno Franco Alves",100.00,400.00,"Transferência"
229,"2023-09-04","totta","Pagamento de serviços",-175.00,300.00,"NULL"
230,"2023-09-04","totta","Pagamento de serviços",-175.00,475.00,"NULL"
231,"2023-09-04","totta","Transferência para Igreja Baptista De C",-50.00,650.00,"Transferência"
232,"2023-09-04","totta","Pagamento Irn",-150.00,700.00,"alc"
233,"2023-09-04","totta","Universid De Coimbra",-20.00,850.00,"NULL"
234,"2023-09-04","totta","Sumup *catarina Geral",-20.00,870.00,"NULL"
235,"2023-09-04","totta","Lidl Agradece",-46.00,890.00,"mercado"
236,"2023-09-04","totta","Mini Preco Vasco Val",-19.00,936.00,"mercado"
237,"2023-09-04","totta","Cantinho Doce",-44.00,954.00,"restaurante"
238,"2023-09-04","totta","Inter Condeixa",-48.00,998.00,"mercado"
239,"2023-09-04","totta","Credito Habitacao Geral (58/366)",-255.00,1046.00,"bens"
240,"2023-09-04","totta","Seguro multi-riscos",-15.00,1301.00,"NULL"
241,"2023-09-04","totta","Seguro de vida",-41.00,1316.00,"NULL"
242,"2023-09-01","totta","Levantamento Figueira Da Foz",-20.00,1357.00,"NULL"
243,"2023-09-01","totta","Pensão Instituto Nacional Do Seguro Social",289.00,1377.00,"entrada"
244,"2023-09-01","totta","Comissão de disponibilização de cartão de débito",-6.00,1088.00,"NULL"
245,"2023-09-01","totta","Imposto do selo sobre comissão",0.00,1094.00,"NULL"
246,"2023-09-01","totta","Via Verde",-7.00,1095.00,"NULL"
247,"2023-09-01","totta","Municipio De Con",-49.00,1101.00,"fixas"
248,"2023-08-31","totta","Trf.Imed.   de Transferwise-R2889438",200.00,1150.00,"NULL"
249,"2023-08-31","totta","Springfield Forum",-27.00,950.00,"NULL"
250,"2023-08-31","totta","Springfield Forum",-28.00,977.00,"NULL"
251,"2023-08-31","totta","Triumph",-90.00,1005.00,"NULL"
252,"2023-08-31","totta","Arcadia",-3.00,1095.00,"NULL"
253,"2023-08-31","totta","Continente Coimbra",-24.00,1098.00,"mercado"
254,"2023-08-31","totta","Carregamento telemóvel",-13.00,1122.00,"NULL"
255,"2023-08-31","totta","Transferência para Nr. XXXXX5575",-40.00,1135.00,"Transferência"
256,"2023-08-31","totta","Transferência de Mariana Bastos",40.00,1175.00,"Transferência"
257,"2023-08-31","totta","Subscrição Ppr Cap. Garantido",-25.00,1135.00,"NULL"
258,"2023-08-30","totta","Carregamento Vodafone Sa",-12.00,1160.00,"fixas"
259,"2023-08-30","totta","Irn Nacionalidade",-200.00,1172.00,"alc"
260,"2023-08-30","totta","Aegon Santander",-37.00,1372.00,"seguro"
261,"2023-08-30","totta","Vodafone Portuga",-39.00,1408.00,"fixas"
262,"2023-08-29","totta","Paypal Microsoft",-7.00,1448.00,"Microsoft"
263,"2023-08-28","totta","Continente Bom Dia",-10.00,1455.00,"mercado"
264,"2023-08-28","totta","Lidl Agradece",-22.00,1464.00,"mercado"
265,"2023-08-28","totta","Ctt - Correios",-5.00,1487.00,"alc"
266,"2023-08-28","totta","Transferência para Nr. XXXXX0584",-16.00,1491.00,"Transferência"
267,"2023-08-28","totta","Depósito Condeixa-a-nova",1100.00,1507.00,"NULL"
268,"2023-08-28","totta","Transferência para Igreja Baptista De Coimbra",-111.00,407.00,"Transferência"
269,"2023-08-28","totta","Trf. Cobr DUC 104023008282990",-437.00,518.00,"NULL"
270,"2023-08-28","totta","Transferência de Elira Samara Silva",700.00,955.00,"Transferência"
271,"2023-08-28","totta","Adhoc Gym",-20.00,255.00,"NULL"
272,"2023-08-28","totta","Adhoc Gym",-20.00,275.00,"NULL"
273,"2023-08-28","totta","Ana Sousa",-8.00,295.00,"NULL"
274,"2023-08-28","totta","Mango-forum Coimbra",-55.00,303.00,"vestuario"
275,"2023-08-28","totta","Zara",-18.00,358.00,"NULL"
276,"2023-08-28","totta","Zara",-13.00,376.00,"NULL"
277,"2023-08-28","totta","B41 - Leiria Shop",-10.00,389.00,"NULL"
278,"2023-08-28","totta","Tezenis Leiria Shopp",-7.00,399.00,"NULL"
279,"2023-08-28","totta","Supermesura Lda",-56.00,406.00,"NULL"
280,"2023-08-25","totta","Regional Cabrito",-30.00,462.00,"restaurante"
281,"2023-08-25","totta","Hotelarias O Pote",-7.00,492.00,"restaurante"
282,"2023-08-25","totta","Mini Preco Vasco Val",-8.00,499.00,"mercado"
283,"2023-08-25","totta","Imo Auto Lavagens",-7.00,507.00,"transporte"
284,"2023-08-25","totta","Hm Coimbra",-47.00,514.00,"bens"
285,"2023-08-24","totta","Seaside",-35.00,561.00,"NULL"
286,"2023-08-24","totta","Zara",-46.00,595.00,"NULL"
287,"2023-08-24","totta","Pes Em Frente - Alma",-10.00,641.00,"NULL"
288,"2023-08-24","totta","Vitaminas Alma Shop",-10.00,651.00,"NULL"
289,"2023-08-24","totta","Vitaminas Alma Shop",-13.00,661.00,"NULL"
290,"2023-08-24","totta","Ana Sousa",-84.00,674.00,"NULL"
291,"2023-08-24","totta","Auchan Coimbra",-24.00,758.00,"NULL"
292,"2023-08-24","totta","Celeiro Dieta",-11.00,782.00,"NULL"
293,"2023-08-24","totta","Seaside Dolce Vita",-10.00,793.00,"NULL"
294,"2023-08-24","totta","Levantamento Coimbra",-20.00,804.00,"NULL"
295,"2023-08-24","totta","Aegon Santander",-27.00,824.00,"seguro"
296,"2023-08-23","totta","Transferência para Andrea",-5.00,851.00,"Transferência"
297,"2023-08-23","totta","C A Modas",-36.00,856.00,"NULL"
298,"2023-08-23","totta","Zara",-100.00,892.00,"NULL"
299,"2023-08-23","totta","Quiosque Delta",-3.00,992.00,"NULL"
300,"2023-08-23","totta","Quintalao Livraria",-80.00,995.00,"diversos"
301,"2023-08-23","totta","Pagamento Irn",-175.00,1075.00,"alc"
302,"2023-08-23","totta","Irn Nacionalidade",-120.00,1250.00,"alc"
303,"2023-08-22","totta","Celeiro Forum Coimbr",-8.00,1370.00,"NULL"
304,"2023-08-22","totta","Continente",-22.00,1378.00,"mercado"
305,"2023-08-22","totta","Mcdonalds Almegue",-11.00,1400.00,"NULL"
306,"2023-08-22","totta","Zara",-120.00,1411.00,"NULL"
307,"2023-08-22","totta","Perfumes E Companhia",-10.00,1531.00,"beleza"
308,"2023-08-22","totta","Celeiro Forum Coimbr",-82.00,1541.00,"NULL"
309,"2023-08-22","totta","Paypal Spotify",-7.00,1623.00,"lazer"
310,"2023-08-22","totta","Paypal *disneyplus",-9.00,1630.00,"NULL"
311,"2023-08-22","totta","The Body Shop",-20.00,1639.00,"NULL"
312,"2023-08-21","totta","Transferência de Marcelo Bertucci",200.00,1659.00,"Transferência"
313,"2023-08-21","totta","Carregamento Vodafone",-12.00,1459.00,"fixas"
314,"2023-08-21","totta","O Croissant B Rest",-36.00,1471.00,"restaurante"
315,"2023-08-21","totta","Simao, Meneses",-7.00,1507.00,"NULL"
316,"2023-08-21","totta","Carregamento telemóvel",-13.00,1513.00,"NULL"
317,"2023-08-21","totta","Transferência para Andrea",-15.00,1526.00,"Transferência"
318,"2023-08-21","totta","Inter Condeixa",-42.00,1541.00,"mercado"
319,"2023-08-21","totta","Transferência para Nr. Xxxxx7805",-40.00,1583.00,"Transferência"
320,"2023-08-21","totta","Transferência para Nr. Xxxxx9792",-80.00,1623.00,"Transferência"
321,"2023-08-21","totta","Transferência de Maria Das Gracas Dos Santos",80.00,1703.00,"Transferência"
322,"2023-08-21","totta","Inter Condeixa",-4.00,1623.00,"mercado"
323,"2023-08-18","totta","Q Sabor Hamb",-8.00,1627.00,"restaurante"
324,"2023-08-18","totta","Transferência para Igreja Baptista De Coimbra",-80.00,1635.00,"Transferência"
325,"2023-08-18","totta","Dux - Taberna Urbana",-39.00,1715.00,"NULL"
326,"2023-08-18","totta","Moinho Velho. Lda Coimbra",-5.00,1754.00,"restaurante"
327,"2023-08-18","totta","Petrogal",-75.00,1759.00,"fixas"
328,"2023-08-17","totta","Continente",-26.00,1834.00,"mercado"
329,"2023-08-17","totta","Celeiro Forum Coimbr",-22.00,1860.00,"NULL"
330,"2023-08-17","totta","Oysho",-23.00,1882.00,"vestuario"
331,"2023-08-17","totta","Graos E Canela Lda",-5.00,1905.00,"NULL"
332,"2023-08-16","totta","Homa Coimbra",-12.00,1910.00,"bens"
333,"2023-08-16","totta","Carregamento Vodafone",-12.00,1922.00,"fixas"
334,"2023-08-16","totta","Ctt - Correios",-5.00,1934.00,"alc"
335,"2023-08-16","totta","Pagamento Sa",-92.00,1939.00,"NULL"
336,"2023-08-16","totta","Lidl Agradece",-22.00,2031.00,"mercado"
337,"2023-08-16","totta","Intermarche Taveiro",-4.00,2053.00,"mercado"
338,"2023-08-16","totta","Intermarche Taveiro",-16.00,2057.00,"mercado"
339,"2023-08-16","totta","Marec Espaco Casa Sa",-15.00,2074.00,"NULL"
340,"2023-08-16","totta","Homa Coimbra",-12.00,2089.00,"bens"
341,"2023-08-16","totta","Transferência de Neil V P Santos",26.00,2101.00,"Transferência"
342,"2023-08-16","totta","Continente Bom Dia",-27.00,2075.00,"mercado"
343,"2023-08-16","totta","Via Verde",-8.00,2101.00,"NULL"
344,"2023-08-14","totta","Trf.Imed.   de Transferwise-R2722770",660.00,2109.00,"NULL"
345,"2023-08-14","totta","Transferência para Nr. XXXXX8054",-11.00,1449.00,"Transferência"
346,"2023-08-14","totta","Transferência para Igreja Baptista De Coimbra",-135.00,1460.00,"Transferência"
347,"2023-08-14","totta","Pagamento de serviços",-268.00,1595.00,"NULL"
348,"2023-08-14","totta","Pagamento de serviços",-269.00,1862.00,"NULL"
349,"2023-08-14","totta","Pagamento de serviços",-67.00,2132.00,"NULL"
350,"2023-08-14","totta","Pagamento de serviços",-175.00,2199.00,"NULL"
351,"2023-08-14","totta","Ctt - Correios",-5.00,2374.00,"alc"
352,"2023-08-14","totta","Levantamento Condeixa-a-nova",-20.00,2378.00,"NULL"
353,"2023-08-14","totta","Inter Condeixa",-35.00,2398.00,"mercado"
354,"2023-08-14","totta","Paypal Google Google",-2.00,2433.00,"NULL"
355,"2023-08-14","totta","Paypal Steam Games",-10.00,2435.00,"lazer"
356,"2023-08-14","totta","Paypal Steam Games",-20.00,2445.00,"lazer"
357,"2023-08-14","totta","Adhoc Gym",-20.00,2465.00,"NULL"
358,"2023-08-14","totta","Adhoc Gym",-20.00,2485.00,"NULL"
359,"2023-08-14","totta","Transferência para Nr. XXXXX8296",-27.00,2505.00,"Transferência"
360,"2023-08-14","totta","Makro Coimbra",-56.00,2532.00,"mercado"
361,"2023-08-14","totta","Transferência de Maria Das Gracas Dos Santos",12.00,2588.00,"Transferência"
362,"2023-08-14","totta","Pingo Doce Condeixa",-15.00,2576.00,"mercado"
363,"2023-08-14","totta","Inter Condeixa",-22.00,2591.00,"mercado"
364,"2023-08-14","totta","Imposto do Selo sobre comissão",0.00,2614.00,"NULL"
365,"2023-08-14","totta","Comissão de manutenção de conta pacote",-6.00,2614.00,"NULL"
366,"2023-08-11","totta","Levantamento Coimbra",-20.00,2619.00,"NULL"
367,"2023-08-11","totta","Trf.Imed.   de Nium * Matheus de Freitas -R2694049",500.00,2639.00,"NULL"
368,"2023-08-11","totta","Restaurante .come",-22.00,2139.00,"restaurante"
369,"2023-08-10","totta","Transferência de Nilo Antonio Rocha",175.00,2161.00,"Transferência"
370,"2023-08-10","totta","Quintalao Livraria",-12.00,1986.00,"diversos"
371,"2023-08-10","totta","Trf.Imed.   de Transferwise-R2683805",660.00,1998.00,"NULL"
372,"2023-08-10","totta","Greenside Rest",-20.00,1338.00,"restaurante"
373,"2023-08-10","totta","Trf.Imed.   de Julio Cesar de Sousa Baiao-R2682912",892.00,1358.00,"NULL"
374,"2023-08-09","totta","Women Secret Coimbra",-7.00,466.00,"NULL"
375,"2023-08-09","totta","Nutricao A Granel",-44.00,473.00,"mercado"
376,"2023-08-09","totta","Nails 4 Us",-29.00,517.00,"beleza"
377,"2023-08-09","totta","O Salatina, Unipesso",-24.00,546.00,"NULL"
378,"2023-08-09","totta","Transferência para Nr. XXXXX7805",-10.00,570.00,"Transferência"
379,"2023-08-08","totta","Ctt - Correios",-4.00,580.00,"alc"
380,"2023-08-08","totta","Pagamento Irn",-175.00,584.00,"alc"
381,"2023-08-08","totta","Trf.Imed.   de Joao Fernando Fernandes Mo-R2661961",419.00,759.00,"NULL"
382,"2023-08-08","totta","Farmacia Santa Crist",-19.00,340.00,"NULL"
383,"2023-08-08","totta","Transferência de Bruno Franco Alves",100.00,360.00,"Transferência"
384,"2023-08-08","totta","Adyen Nv",-74.00,260.00,"NULL"
385,"2023-08-07","totta","Trf.Imed.   de Julio Cesar de Sousa Baiao-R2655577",8.00,334.00,"NULL"
386,"2023-08-07","totta","Ctt - Correios",-4.00,326.00,"alc"
387,"2023-08-07","totta","Transferência para Igreja Baptista De Coimbra",-150.00,330.00,"Transferência"
388,"2023-08-07","totta","Transferência para Maria Albertina Da C N Pimentel",-220.00,480.00,"Transferência"
389,"2023-08-07","totta","Transferência para Andrea Levindo Carvalho",-3.00,700.00,"Transferência"
390,"2023-08-07","totta","Paypal Google Google",-2.00,703.00,"NULL"
391,"2023-08-07","totta","Meo. Sa",-49.00,705.00,"fixas"
392,"2023-08-07","totta","Oney Bank Sucurs",-2.00,753.00,"NULL"
393,"2023-08-07","totta","Universo. Ime S.",-50.00,755.00,"NULL"
394,"2023-08-07","totta","Transferência para Domague",-44.00,805.00,"Transferência"
395,"2023-08-07","totta","Mini Preco Vasco Val",-3.00,849.00,"mercado"
396,"2023-08-07","totta","Continente Coimbra",-82.00,852.00,"mercado"
397,"2023-08-07","totta","Makro Coimbra",-24.00,934.00,"mercado"
398,"2023-08-07","totta","Makro Coimbra",-147.00,958.00,"mercado"
399,"2023-08-07","totta","Transferência para Andrea",-15.00,1105.00,"Transferência"
400,"2023-08-04","totta","Passaporte Coimbra",-119.00,1120.00,"restaurante"
401,"2023-08-04","totta","Imposto do selo sobre comissão",0.00,1239.00,"NULL"
402,"2023-08-04","totta","Comissão de disponibilização de cartão de débito",-6.00,1239.00,"NULL"
403,"2023-08-04","totta","Via Verde",-5.00,1245.00,"NULL"
404,"2023-08-03","totta","Transferência de Maria Das Gracas Dos Santos",117.00,1250.00,"Transferência"
405,"2023-08-02","totta","Pensão Instituto Nacional Do Seguro Social",293.00,1133.00,"entrada"
406,"2023-08-02","totta","Transferência para Alessandro Penido De",-850.00,840.00,"Transferência"
407,"2023-08-02","totta","Credito Habitacao Geral (57/366)",-258.00,1690.00,"bens"
408,"2023-08-02","totta","Seguro multi-riscos",-15.00,1948.00,"NULL"
409,"2023-08-02","totta","Seguro de vida",-41.00,1963.00,"NULL"
410,"2023-08-01","totta","Via Verde",0.00,2004.00,"NULL"
411,"2023-08-01","totta","E.s. Denia",-43.00,2004.00,"NULL"
412,"2023-08-01","totta","Carregamento Vodafone Sa",-16.00,2047.00,"fixas"
413,"2023-08-01","totta","Trf.Créd.N.Sepa+recebida 0018375169600106462",750.00,2063.00,"NULL"
414,"2023-08-01","totta","Aegon Santander",-37.00,1313.00,"seguro"
415,"2023-08-01","totta","Municipio De Con",-39.00,1350.00,"fixas"
416,"2023-08-01","totta","Transferência de Roberto Piedade Francisco",850.00,1389.00,"Transferência"
417,"2023-07-31","totta","Hotel Pueblo",-4.00,539.00,"viagem"
418,"2023-07-31","totta","Farmacia Ibiza",-25.00,543.00,"NULL"
419,"2023-07-31","totta","Hotel Pueblo",-7.00,567.00,"viagem"
420,"2023-07-31","totta","Hotel Pueblo",-4.00,574.00,"viagem"
421,"2023-07-31","totta","Regalos Las Flores",-7.00,578.00,"NULL"
422,"2023-07-31","totta","Romero",-5.00,585.00,"NULL"
423,"2023-07-31","totta","Valentinos",-29.00,590.00,"NULL"
424,"2023-07-31","totta","0083-consum Benidorm I",-43.00,619.00,"NULL"
425,"2023-07-31","totta","Hotel Pueblo",-4.00,662.00,"viagem"
426,"2023-07-31","totta","Restaurante Mc Donals",-6.00,666.00,"restaurante"
427,"2023-07-31","totta","Petrogal",-12.00,672.00,"fixas"
428,"2023-07-31","totta","Adhoc Gym",-20.00,684.00,"NULL"
429,"2023-07-31","totta","Adhoc Gym",-20.00,704.00,"NULL"
430,"2023-07-31","totta","Carregamento telemóvel",-13.00,724.00,"NULL"
431,"2023-07-31","totta","Subscrição Ppr Cap. Garantido",-25.00,737.00,"NULL"
432,"2023-07-28","totta","Transferência de Marcelo Talassuh Souza Dias",205.00,762.00,"Transferência"
433,"2023-07-28","totta","Paypal Microsoft",-7.00,557.00,"Microsoft"
434,"2023-07-28","totta","Ageas Portugal",-132.00,564.00,"NULL"
435,"2023-07-27","totta","Vodafone Portuga",-39.00,696.00,"fixas"
436,"2023-07-25","totta","Cantinho Doce",-3.00,735.00,"restaurante"
437,"2023-07-25","totta","Ctt - Correios",-5.00,737.00,"alc"
438,"2023-07-25","totta","Pagamento Irn",-175.00,742.00,"alc"
439,"2023-07-25","totta","Pagamento Irn",-250.00,917.00,"alc"
440,"2023-07-25","totta","Pagamento Cx.p.adv.solicitador",-269.00,1167.00,"alc"
441,"2023-07-25","totta","Trf. Cobr DUC 104023006953179",-415.00,1436.00,"NULL"
442,"2023-07-25","totta","Pagamento de conta cartão",-300.00,1851.00,"NULL"
443,"2023-07-25","totta","Pagamento de conta cartão",-50.00,2151.00,"NULL"
444,"2023-07-25","totta","Depósito Condeixa-a-nova",1000.00,2201.00,"NULL"
445,"2023-07-25","totta","Nutricao A Granel",-15.00,1201.00,"mercado"
446,"2023-07-25","totta","Aegon Santander",-23.00,1216.00,"seguro"
447,"2023-07-24","totta","Levantamento em numerário",-10.00,1239.00,"NULL"
448,"2023-07-24","totta","Trf.Imed.   de Daniela Gorgatti-R2524468",675.00,1249.00,"NULL"
449,"2023-07-24","totta","Transferência para Nr. XXXXX7805",-40.00,574.00,"Transferência"
450,"2023-07-24","totta","Carregamento Vodafone Sa",-16.00,614.00,"fixas"
451,"2023-07-24","totta","Paypal Spotify",-7.00,630.00,"lazer"
452,"2023-07-24","totta","Transferência para Nr. XXXXX4800",-4.00,637.00,"Transferência"
453,"2023-07-24","totta","Vitaminas F Coimbra",0.00,641.00,"NULL"
454,"2023-07-24","totta","Vitaminas F Coimbra",-12.00,641.00,"NULL"
455,"2023-07-24","totta","Transferência para Marcley",-10.00,653.00,"Transferência"
456,"2023-07-24","totta","Transferência de Teresa Rachel Monteiro De Souza",300.00,663.00,"Transferência"
457,"2023-07-21","totta","Pagamento Cx.p.adv.solicitador",-67.00,363.00,"alc"
458,"2023-07-21","totta","Trf. Cobr DUC 571006300620817",-55.00,430.00,"NULL"
459,"2023-07-21","totta","Trf. Cobr DUC 571306300620287",-55.00,485.00,"NULL"
460,"2023-07-20","totta","Transferência para Andrea",-30.00,540.00,"Transferência"
461,"2023-07-20","totta","Paypal Disneyplus",-9.00,570.00,"lazer"
462,"2023-07-19","totta","Inter Condeixa",-18.00,579.00,"mercado"
463,"2023-07-18","totta","Pagamento ao Estado",-57.00,596.00,"NULL"
464,"2023-07-18","totta","Inter Condeixa",-9.00,654.00,"mercado"
465,"2023-07-18","totta","Paypal Shein Com",-6.00,662.00,"NULL"
466,"2023-07-17","totta","Inter Condeixa",-13.00,669.00,"mercado"
467,"2023-07-17","totta","Via Verde",-5.00,681.00,"NULL"
468,"2023-07-17","totta","Irn Nacionalidade",-120.00,686.00,"alc"
469,"2023-07-17","totta","Adhoc Gym",-20.00,806.00,"NULL"
470,"2023-07-17","totta","Adhoc Gym",-20.00,826.00,"NULL"
471,"2023-07-17","totta","Levantamento Quinta Nova",-20.00,846.00,"NULL"
472,"2023-07-17","totta","Imposto do Selo sobre comissão",0.00,866.00,"NULL"
473,"2023-07-17","totta","Comissão de manutenção de conta pacote",-6.00,866.00,"NULL"
474,"2023-07-14","totta","Transferência para Andrea",-10.00,872.00,"Transferência"
475,"2023-07-14","totta","Celeiro Dieta",-7.00,882.00,"NULL"
476,"2023-07-14","totta","Centroxogo Coimbra",-25.00,889.00,"NULL"
477,"2023-07-14","totta","Transferência para Igreja Baptista De Coimbra",-80.00,914.00,"Transferência"
478,"2023-07-14","totta","Transferência de Maria Das Gracas Dos Santos",32.00,994.00,"Transferência"
479,"2023-07-14","totta","Ctt - Correios",-3.00,962.00,"alc"
480,"2023-07-13","totta","Piscinas Municipais",-54.00,965.00,"NULL"
481,"2023-07-13","totta","Farmacia Rocha",-32.00,1019.00,"NULL"
482,"2023-07-13","totta","Paypal Google Google",-2.00,1051.00,"NULL"
483,"2023-07-13","totta","Paypal Steam Games",-2.00,1053.00,"lazer"
484,"2023-07-12","totta","Ctt - Correios",-9.00,1055.00,"alc"
485,"2023-07-12","totta","Inter Condeixa",-27.00,1063.00,"mercado"
486,"2023-07-12","totta","Inter Condeixa",-60.00,1091.00,"mercado"
487,"2023-07-12","totta","Carregamento Vodafone Sa",-12.00,1151.00,"fixas"
488,"2023-07-11","totta","Levantamento Condeixa-a-nova",-160.00,1163.00,"NULL"
489,"2023-07-11","totta","Ctt - Correios",-3.00,1323.00,"alc"
490,"2023-07-11","totta","Trf. Cobr DUC 702580087301458",-306.00,1326.00,"NULL"
491,"2023-07-11","totta","Transferência de Maria Das Gracas Dos Santos",119.00,1632.00,"Transferência"
492,"2023-07-11","totta","Paypal Google Wm Max",-4.00,1513.00,"NULL"
493,"2023-07-11","totta","Paypal Naturitas",-41.00,1517.00,"NULL"
494,"2023-07-11","totta","Transferência de Bruno Franco Alves",100.00,1558.00,"Transferência"
495,"2023-07-11","totta","Transferência de Marcley Costa Carvalho",420.00,1458.00,"Transferência"
496,"2023-07-11","totta","Petrogal",-66.00,1038.00,"fixas"
497,"2023-07-10","totta","Credito Habitacao Geral (56/366)",-258.00,1104.00,"bens"
498,"2023-07-10","totta","Transferência de Maria Das Gracas Dos Santos",117.00,1362.00,"Transferência"
499,"2023-07-10","totta","Levantamento Condeixa-a-nova",-20.00,1245.00,"NULL"
500,"2023-07-10","totta","Zara",-14.00,1265.00,"NULL"
501,"2023-07-10","totta","Via Verde",-5.00,1279.00,"NULL"
502,"2023-07-10","totta","Paypal Steam Games",-5.00,1284.00,"lazer"
503,"2023-07-10","totta","Trf.Imed.   de Marcley Carvalho-R2398386",58.00,1289.00,"NULL"
504,"2023-07-10","totta","Q Sabor Hamburgueria",-41.00,1230.00,"restaurante"
505,"2023-07-10","totta","Estorno  31.0003.12028147096",103.00,1271.00,"NULL"
506,"2023-07-10","totta","Estorno  31.0003.12028147096",160.00,1169.00,"NULL"
507,"2023-07-10","totta","Levantamento Coimbra",-10.00,1009.00,"NULL"
508,"2023-07-07","totta","Imp.Selo-Renda - Julho 2023-E3181894",0.00,1019.00,"NULL"
509,"2023-07-07","totta","Comissão-Renda - Julho 2023-E3181894",-2.00,1019.00,"NULL"
510,"2023-07-07","totta","Transferência para Maria Albertina Pimentel",-220.00,1021.00,"Transferência"
511,"2023-07-07","totta","Trf.Imed.   de Transferwise-R2384769",599.00,1241.00,"NULL"
512,"2023-07-07","totta","Transferência de Dr Luiz Piauhylino Neto",150.00,642.00,"Transferência"
513,"2023-07-07","totta","Transferência para Andrea",-30.00,492.00,"Transferência"
514,"2023-07-06","totta","Carregamento telemóvel",-5.00,522.00,"NULL"
515,"2023-07-06","totta","Levantamento em numerário",-10.00,527.00,"NULL"
516,"2023-07-06","totta","Carregamento telemóvel",-12.00,537.00,"NULL"
517,"2023-07-06","totta","Meo. Sa",-49.00,549.00,"fixas"
518,"2023-07-06","totta","Universo. Ime S.",-50.00,597.00,"NULL"
519,"2023-07-05","totta","Transferência de Bruno Marques",50.00,647.00,"Transferência"
520,"2023-07-05","totta","Crc Coimbra",-42.00,597.00,"alc"
521,"2023-07-05","totta","Pensão Instituto Nacional Do Seguro Social",387.00,639.00,"entrada"
522,"2023-07-05","totta","Paypal Google Google",-2.00,252.00,"NULL"
523,"2023-07-05","totta","Transferência para Domague",-44.00,254.00,"Transferência"
524,"2023-07-04","totta","Transferência para Igreja Baptista De C",-55.00,298.00,"Transferência"
525,"2023-07-04","totta","Carregamento Vodafone Sa",-16.00,353.00,"fixas"
526,"2023-07-04","totta","Pagamento de conta cartão",-7.00,369.00,"NULL"
527,"2023-07-04","totta","Pagamento de conta cartão",-70.00,376.00,"NULL"
528,"2023-07-04","totta","Transferência para Alessandro Penido De Freitas",-850.00,446.00,"Transferência"
529,"2023-07-04","totta","Transferência de Ana Paula Alves",666.00,1296.00,"Transferência"
530,"2023-07-04","totta","Transferência de Cintra Guimaraes Guilherme Francisc",200.00,630.00,"Transferência"
531,"2023-07-03","totta","Credito Habitacao Geral (56/366)",-262.00,430.00,"bens"
532,"2023-07-03","totta","Seguro multi-riscos",-15.00,693.00,"NULL"
533,"2023-07-03","totta","Seguro de vida",-39.00,708.00,"NULL"
534,"2023-07-03","totta","Transferência para Nr. XXXXX4368",-70.00,747.00,"Transferência"
535,"2023-07-03","totta","Petrogal",-14.00,817.00,"fixas"
536,"2023-07-03","totta","Municipio De Con",-38.00,831.00,"fixas"
537,"2023-07-03","totta","Adhoc Gym",-20.00,869.00,"NULL"
538,"2023-07-03","totta","Adhoc Gym",-20.00,889.00,"NULL"
539,"2023-06-30","totta","Subscrição Ppr Cap. Garantido",-25.00,909.00,"NULL"
540,"2023-06-30","totta","Transferência de Roberto Piedade Francisco",850.00,934.00,"Transferência"
541,"2023-06-30","totta","Aegon Santander",-37.00,84.00,"seguro"
542,"2023-06-29","totta","Continente Bom Dia",-14.00,121.00,"mercado"
543,"2023-06-29","totta","Transferência para Nr. XXXXX7805",-15.00,134.00,"Transferência"
544,"2023-06-29","totta","Transferência para Nr. XXXXX3282",-13.00,149.00,"Transferência"
545,"2023-06-29","totta","Inter Condeixa",-58.00,162.00,"mercado"
546,"2023-06-29","totta","Dux - Taberna Urbana",-67.00,220.00,"NULL"
547,"2023-06-29","totta","Vodafone Portuga",-41.00,287.00,"fixas"
548,"2023-06-28","totta","Cantinho Doce",-6.00,328.00,"restaurante"
549,"2023-06-28","totta","Transferência para Andrea",-20.00,334.00,"Transferência"
550,"2023-06-28","totta","Paypal Microsoft",-7.00,354.00,"Microsoft"
551,"2023-06-27","totta","Trf.Imed.   de Marcley Costa Carvalho-R2290599",117.00,361.00,"NULL"
552,"2023-06-27","totta","Trf. Cobr DUC 104123005195476",-413.00,244.00,"NULL"
553,"2023-06-27","totta","Arcadia",-4.00,656.00,"NULL"
554,"2023-06-27","totta","Nails 4 Us",-29.00,660.00,"beleza"
555,"2023-06-27","totta","Transferência para Maria Das Gracas Dos Santos",-50.00,689.00,"Transferência"
556,"2023-06-27","totta","Paypal *etnaga Lda",-32.00,739.00,"NULL"
557,"2023-06-26","totta","Restaurante .come",-31.00,771.00,"restaurante"
558,"2023-06-26","totta","Intercondeixa",-30.00,802.00,"mercado"
559,"2023-06-26","totta","Benetton Forum Coimbra",-39.00,832.00,"NULL"
560,"2023-06-26","totta","Paypal Naturitas",-38.00,872.00,"NULL"
561,"2023-06-26","totta","Continente",-26.00,910.00,"mercado"
562,"2023-06-26","totta","Benetton",-9.00,936.00,"NULL"
563,"2023-06-26","totta","Q Sabor Hamburgueria",-22.00,944.00,"restaurante"
564,"2023-06-26","totta","Burger King Forum",-3.00,966.00,"NULL"
565,"2023-06-26","totta","Lefties",-26.00,969.00,"vestuario"
566,"2023-06-26","totta","Bershka",-6.00,995.00,"NULL"
567,"2023-06-26","totta","Pull & Bear",-47.00,1001.00,"vestuario"
568,"2023-06-26","totta","B25 Parfois Cc Forum",-18.00,1048.00,"NULL"
569,"2023-06-26","totta","B25 Parfois Cc Forum",-8.00,1066.00,"NULL"
570,"2023-06-26","totta","Gelataria Maggio",-7.00,1074.00,"viagem"
571,"2023-06-26","totta","Gelataria Maggio",-1.00,1081.00,"viagem"
572,"2023-06-26","totta","Gelataria Maggio",-3.00,1082.00,"viagem"
573,"2023-06-26","totta","Gelataria Maggio",-8.00,1085.00,"viagem"
574,"2023-06-26","totta","Restaurante Italia",-50.00,1093.00,"restaurante"
575,"2023-06-23","totta","Trf.Imed.   de Nium * Carolina Marcondes -R2263224",180.00,1143.00,"NULL"
576,"2023-06-23","totta","Carpaulo Comercio",-20.00,963.00,"NULL"
577,"2023-06-23","totta","Inter Condeixa",-11.00,983.00,"mercado"
578,"2023-06-23","totta","Pingo Doce Condeixa",-17.00,994.00,"mercado"
579,"2023-06-23","totta","Continente Bom Dia",-4.00,1012.00,"mercado"
580,"2023-06-23","totta","The Body Shop",-20.00,1016.00,"NULL"
581,"2023-06-23","totta","Aegon Santander",-23.00,1036.00,"seguro"
582,"2023-06-22","totta","Pagamento de serviços",-83.00,1058.00,"NULL"
583,"2023-06-22","totta","Pagamento de serviços",-67.00,1141.00,"NULL"
584,"2023-06-22","totta","Transferência para Igreja Baptista De Coimbra",-100.00,1208.00,"Transferência"
585,"2023-06-22","totta","Ctt - Correios",-62.00,1308.00,"alc"
586,"2023-06-22","totta","Pagamento Coimbracaritasd",-6.00,1370.00,"NULL"
587,"2023-06-22","totta","Celeiro Forum Coimbr",-26.00,1375.00,"NULL"
588,"2023-06-22","totta","Zara",-54.00,1401.00,"NULL"
589,"2023-06-22","totta","Transferência para Nr. XXXXX8054",-40.00,1455.00,"Transferência"
590,"2023-06-22","totta","Paypal Spotify",-7.00,1495.00,"lazer"
591,"2023-06-21","totta","Q Sabor Hamb",-20.00,1502.00,"restaurante"
592,"2023-06-21","totta","Levantamento em numerário",-150.00,1522.00,"NULL"
593,"2023-06-21","totta","Cantinho Doce Ega",-6.00,1672.00,"restaurante"
594,"2023-06-21","totta","Staples Portugal Sa",-14.00,1678.00,"NULL"
595,"2023-06-21","totta","Tiger Forum Coimbra Coimbra",-10.00,1692.00,"NULL"
596,"2023-06-21","totta","Celeiro Forum Coimbrcoimbra",-29.00,1702.00,"NULL"
597,"2023-06-21","totta","Servico De Apostilascoimbra",-10.00,1731.00,"NULL"
598,"2023-06-21","totta","Restaurante .come Condeixa",-20.00,1741.00,"restaurante"
599,"2023-06-21","totta","Irn Nacionalidade",-120.00,1761.00,"alc"
600,"2023-06-21","totta","Trf.Imed.   de Ismael Luiz Miranda Augusto-R223893",1280.00,1881.00,"NULL"
601,"2023-06-20","totta","Transferência para Nr. XXXXX7805",-40.00,601.00,"Transferência"
602,"2023-06-20","totta","Cantinho Doce",-3.00,641.00,"restaurante"
603,"2023-06-20","totta","Paypal Disneyplus",-9.00,644.00,"lazer"
604,"2023-06-19","totta","Clinica Dentaria",-50.00,653.00,"NULL"
605,"2023-06-19","totta","Ctt - Correios",-3.00,703.00,"alc"
606,"2023-06-19","totta","Transferência para Igreja Baptista De Coimbra",-40.00,706.00,"Transferência"
607,"2023-06-19","totta","Paypal Epic Games",-30.00,746.00,"NULL"
608,"2023-06-19","totta","Adhoc Gym",-20.00,777.00,"NULL"
609,"2023-06-19","totta","Adhoc Gym",-20.00,797.00,"NULL"
610,"2023-06-19","totta","Transferência de Maria Das Gracas Dos Santos",16.00,817.00,"Transferência"
611,"2023-06-16","totta","Transferência de Adriana Levindo",12.00,801.00,"Transferência"
612,"2023-06-15","totta","Pago.Fact R Atsire01r/3",375.00,789.00,"NULL"
613,"2023-06-15","totta","Transferência para Igreja Baptista De Coimbra",-70.00,414.00,"Transferência"
614,"2023-06-15","totta","Trf. Cobr DUC 702580086923838",-306.00,484.00,"NULL"
615,"2023-06-15","totta","Transf.Do/crt31003185767080011",500.00,790.00,"NULL"
616,"2023-06-15","totta","Pepco Coimbra 1",-5.00,290.00,"NULL"
617,"2023-06-15","totta","Paypal Clinkstore",-21.00,294.00,"NULL"
618,"2023-06-14","totta","Transferência para Nr. XXXXX5082",-2.00,315.00,"Transferência"
619,"2023-06-14","totta","7601085-12-Cpr-Cordeiro Vendin",0.00,317.00,"NULL"
620,"2023-06-14","totta","Cordeiro Vending",-1.00,316.00,"NULL"
621,"2023-06-13","totta","H3 Forum Coimbra",-10.00,317.00,"restaurante"
622,"2023-06-13","totta","Women Secret Coimbra",-23.00,327.00,"NULL"
623,"2023-06-13","totta","Trf.Imed.   de Felipe Pinto-R2177084",150.00,351.00,"NULL"
624,"2023-06-13","totta","Paypal Google Google",-2.00,201.00,"NULL"
625,"2023-06-12","totta","Transferência para Nr. XXXXX0971",-55.00,203.00,"Transferência"
626,"2023-06-12","totta","Ctt - Correios",-10.00,258.00,"alc"
627,"2023-06-12","totta","Cont Bom Dia Coimbra",-5.00,267.00,"mercado"
628,"2023-06-12","totta","Servico De Apostilas",-20.00,273.00,"NULL"
629,"2023-06-12","totta","Levantamento Coimbra",-20.00,293.00,"NULL"
630,"2023-06-12","totta","Paypal Google Wm Max",-4.00,313.00,"NULL"
631,"2023-06-12","totta","Petrogal",-52.00,317.00,"fixas"
632,"2023-06-12","totta","Continente Coimbra",-25.00,368.00,"mercado"
633,"2023-06-12","totta","Continente Bom Dia",-8.00,394.00,"mercado"
634,"2023-06-12","totta","Imposto do Selo sobre comissão",0.00,401.00,"NULL"
635,"2023-06-12","totta","Comissão de manutenção de conta pacote",-6.00,402.00,"NULL"
636,"2023-06-09","totta","Pagamento Irn",-175.00,407.00,"alc"
637,"2023-06-09","totta","Jardim Dos Sabores",-12.00,582.00,"restaurante"
638,"2023-06-09","totta","Levantamento Condeixa-a-nova",-30.00,594.00,"NULL"
639,"2023-06-09","totta","Levantamento Condeixa-a-nova",-30.00,624.00,"NULL"
640,"2023-06-09","totta","Levantamento Condeixa-a-nova",-30.00,654.00,"NULL"
641,"2023-06-09","totta","Inter Condeixa",-34.00,684.00,"mercado"
642,"2023-06-09","totta","Adhoc Gim",-10.00,718.00,"saude"
643,"2023-06-09","totta","Sportiberica Sociedade",-140.00,728.00,"NULL"
644,"2023-06-09","totta","Transferência de Marcley Costa Carvalho",100.00,868.00,"Transferência"
645,"2023-06-07","totta","Imp.Selo-Renda de Junho 2023-E3090720",0.00,768.00,"NULL"
646,"2023-06-07","totta","Comissão-Renda de Junho 2023-E3090720",-2.00,768.00,"NULL"
647,"2023-06-07","totta","Transferência para Maria Albertina Da Costa Neves Pimentel",-220.00,770.00,"Transferência"
648,"2023-06-07","totta","Pull & Bear",-23.00,990.00,"vestuario"
649,"2023-06-07","totta","Sabores Mondego Rest",-3.00,1013.00,"restaurante"
650,"2023-06-07","totta","Zara",-20.00,1016.00,"NULL"
651,"2023-06-07","totta","Nos Cinemas Dv Coim",-9.00,1036.00,"NULL"
652,"2023-06-07","totta","Nos Cinemas Dv Coim",-7.00,1045.00,"NULL"
653,"2023-06-07","totta","Transferência para Nr. XXXXX7117",-11.00,1052.00,"Transferência"
654,"2023-06-07","totta","Cinemas Nos",-13.00,1063.00,"NULL"
655,"2023-06-07","totta","Levantamento Coimbra",-60.00,1076.00,"NULL"
656,"2023-06-07","totta","Transferência para Fernanda Rocha",-70.00,1136.00,"Transferência"
657,"2023-06-07","totta","Transferência de Bruno Franco Alves",100.00,1206.00,"Transferência"
658,"2023-06-07","totta","Meo. Sa",-66.00,1106.00,"fixas"
659,"2023-06-07","totta","Transferência de Growgest, Lda",190.00,1173.00,"Transferência"
660,"2023-06-07","totta","Transferência de Dra Andrea Levindo Carvalho",250.00,983.00,"Transferência"
661,"2023-06-06","totta","Transferência recebida",400.00,733.00,"Transferência"
662,"2023-06-06","totta","Transferência para Igreja Baptista De Coimbra",-50.00,333.00,"Transferência"
663,"2023-06-06","totta","Inter Condeixa",-8.00,383.00,"mercado"
664,"2023-06-06","totta","Inter Condeixa",-58.00,392.00,"mercado"
665,"2023-06-06","totta","Pull & Bear",-10.00,449.00,"vestuario"
666,"2023-06-06","totta","Stradivarius",-9.00,459.00,"NULL"
667,"2023-06-06","totta","Mango Forum Coimbra",-10.00,468.00,"vestuario"
668,"2023-06-06","totta","Women Secret Coimbra",-11.00,478.00,"NULL"
669,"2023-06-06","totta","Sabores Mondego Rest",-20.00,489.00,"restaurante"
670,"2023-06-06","totta","Nails 4 Us",-29.00,510.00,"beleza"
671,"2023-06-06","totta","Tiffosi Cc F Coimbra",-3.00,539.00,"NULL"
672,"2023-06-06","totta","Transferência para Alessandro Penido De Freitas",-850.00,542.00,"Transferência"
673,"2023-06-06","totta","Carregamento Vodafone Sa",-12.00,1392.00,"fixas"
674,"2023-06-06","totta","Carregamento Vodafone Sa",-16.00,1404.00,"fixas"
675,"2023-06-06","totta","Via Verde",-19.00,1420.00,"NULL"
676,"2023-06-06","totta","Paypal Google Google",-2.00,1439.00,"NULL"
677,"2023-06-06","totta","Universo. Ime S.",-50.00,1441.00,"NULL"
678,"2023-06-05","totta","Cantinho Doce",-7.00,1491.00,"restaurante"
679,"2023-06-05","totta","Farmacia Rocha",-7.00,1497.00,"NULL"
680,"2023-06-05","totta","Clinica Dentaria",-95.00,1504.00,"NULL"
681,"2023-06-05","totta","Inter Condeixa",-16.00,1599.00,"mercado"
682,"2023-06-05","totta","Adhoc Gym",-20.00,1615.00,"NULL"
683,"2023-06-05","totta","Adhoc Gym",-20.00,1635.00,"NULL"
684,"2023-06-05","totta","Transferência para Domague",-44.00,1655.00,"Transferência"
685,"2023-06-05","totta","Transferência de Roberto Piedade Francisco",850.00,1699.00,"Transferência"
686,"2023-06-05","totta","Continente Bom Dia",-56.00,849.00,"mercado"
687,"2023-06-02","totta","Transferência para Nr. XXXXX0136",-90.00,905.00,"Transferência"
688,"2023-06-02","totta","Carregamento telemóvel",-12.00,995.00,"NULL"
689,"2023-06-02","totta","Cartorio Notarial Pa",-10.00,1007.00,"alc"
690,"2023-06-02","totta","Inter Condeixa",-18.00,1017.00,"mercado"
691,"2023-06-02","totta","Pensão Instituto Nacional Do Seguro Social",467.00,1035.00,"entrada"
692,"2023-06-02","totta","Comissão de disponibilização de cartão de débito",-6.00,568.00,"NULL"
693,"2023-06-02","totta","Imposto do selo sobre comissão",0.00,574.00,"NULL"
694,"2023-06-02","totta","Credito Habitacao Geral (55/366)",-265.00,575.00,"bens"
695,"2023-06-02","totta","Seguro multi-riscos",-15.00,840.00,"NULL"
696,"2023-06-02","totta","Seguro de vida",-40.00,855.00,"NULL"
697,"2023-06-01","totta","Restaurante .come",-3.00,895.00,"restaurante"
698,"2023-06-01","totta","Pagamento de serviços",-10.00,898.00,"NULL"
699,"2023-06-01","totta","Pagamento de serviços",-18.00,908.00,"NULL"
700,"2023-06-01","totta","Transferência para Nr. XXXXX9015",-195.00,926.00,"Transferência"
701,"2023-06-01","totta","Levantamento Condeixa-a-nova",-20.00,1121.00,"NULL"
702,"2023-06-01","totta","Levantamento Condeixa-a-nova",-40.00,1141.00,"NULL"
703,"2023-06-01","totta","Levantamento Condeixa-a-nova",-40.00,1181.00,"NULL"
704,"2023-06-01","totta","Cantinho Doce",-7.00,1221.00,"restaurante"
705,"2023-06-01","totta","Cbd Condeixa",-8.00,1228.00,"NULL"
706,"2023-06-01","totta","Mini Preco Vasco Val",-7.00,1237.00,"mercado"
707,"2023-06-01","totta","Municipio De Con",-37.00,1243.00,"fixas"
708,"2023-05-31","totta","Q Sabor Hamb",-30.00,1280.00,"restaurante"
709,"2023-05-31","totta","Transferência para Nr. XXXXX7805",-40.00,1310.00,"Transferência"
710,"2023-05-31","totta","Ctt - Correios",-5.00,1350.00,"alc"
711,"2023-05-31","totta","Irn Nacionalidade",-175.00,1354.00,"alc"
712,"2023-05-31","totta","Irn Nacionalidade",-175.00,1529.00,"alc"
713,"2023-05-31","totta","Irn Nacionalidade",-175.00,1704.00,"alc"
714,"2023-05-31","totta","Subscrição Ppr Cap. Garantido",-25.00,1879.00,"NULL"
715,"2023-05-31","totta","Aegon Santander",-37.00,1904.00,"seguro"
716,"2023-05-30","totta","Continente",-71.00,1941.00,"mercado"
717,"2023-05-30","totta","Crc Coimbra",-81.00,2012.00,"alc"
718,"2023-05-30","totta","Restaurante .come",-20.00,2093.00,"restaurante"
719,"2023-05-30","totta","Transferência para Igreja Baptista De Coimbra",-65.00,2113.00,"Transferência"
720,"2023-05-30","totta","Trf. Cobr DUC 167323327040303",-154.00,2178.00,"NULL"
721,"2023-05-30","totta","Pagamento Advogadosordem",-15.00,2332.00,"alc"
722,"2023-05-30","totta","Pagamento Cx.p.adv.solicitador",-67.00,2347.00,"alc"
723,"2023-05-30","totta","Transferência de Wislem Ricardo Alves Cavalcante",350.00,2414.00,"Transferência"
724,"2023-05-30","totta","Vodafone Portuga",-39.00,2064.00,"fixas"
725,"2023-05-29","totta","Ctt - Correios",-4.00,2103.00,"alc"
726,"2023-05-29","totta","Irn Nacionalidade",-120.00,2107.00,"alc"
727,"2023-05-29","totta","Paypal Microsoft",-7.00,2227.00,"Microsoft"
728,"2023-05-29","totta","Irn Nacionalidade",-175.00,2234.00,"alc"
729,"2023-05-29","totta","Petrogal",-13.00,2409.00,"fixas"
730,"2023-05-29","totta","Transferência de Karine Cito Carneiro",14.00,2423.00,"Transferência"
731,"2023-05-29","totta","Pingo Doce Condeixa",-27.00,2409.00,"mercado"
732,"2023-05-29","totta","Transferência para Nr. XXXXX1239",-20.00,2435.00,"Transferência"
733,"2023-05-29","totta","Q Sabor Hamburgueria",-30.00,2455.00,"restaurante"
734,"2023-05-29","totta","Transferência para Andrea",-100.00,2485.00,"Transferência"
735,"2023-05-29","totta","Brisa Areas Servico",-24.00,2585.00,"NULL"
736,"2023-05-29","totta","Subscrição Santpoupprudentefpr",-80.00,2609.00,"NULL"
737,"2023-05-26","totta","Q Sabor Hamburgueria",-12.00,2689.00,"restaurante"
738,"2023-05-26","totta","Transferência de Placida Gomes",5.00,2701.00,"Transferência"
739,"2023-05-26","totta","Trf.Imed.   de Transferwise-R2018844",900.00,2696.00,"NULL"
740,"2023-05-26","totta","Ctt - Correios",-6.00,1796.00,"alc"
741,"2023-05-26","totta","Transferência de Gt Santos Dutra Cj",400.00,1803.00,"Transferência"
742,"2023-05-26","totta","Inst Univ Just E Paz",-16.00,1403.00,"NULL"
743,"2023-05-26","totta","Universid De Coimbra",-20.00,1418.00,"NULL"
744,"2023-05-26","totta","Irn Nacionalidade",-175.00,1438.00,"alc"
745,"2023-05-25","totta","Trf.Imed.   de Nium * Matheus de Freitas -R2010568",500.00,1613.00,"NULL"
746,"2023-05-25","totta","Levantamento Condeixa-a-nova",-40.00,1113.00,"NULL"
747,"2023-05-25","totta","Levantamento Condeixa-a-nova",-40.00,1153.00,"NULL"
748,"2023-05-25","totta","Ctt - Correios",-4.00,1193.00,"alc"
749,"2023-05-25","totta","Cantinho Doce",-4.00,1198.00,"restaurante"
750,"2023-05-25","totta","Cafetaria Museu",-5.00,1202.00,"NULL"
751,"2023-05-25","totta","Aegon Santander",-23.00,1207.00,"seguro"
752,"2023-05-24","totta","Cbd Condeixa",-30.00,1230.00,"NULL"
753,"2023-05-24","totta","Transferência para Igreja Baptista De Coimbra",-50.00,1260.00,"Transferência"
754,"2023-05-24","totta","A Briosinha",-4.00,1310.00,"NULL"
755,"2023-05-24","totta","Cssf - Plastica",-30.00,1314.00,"NULL"
756,"2023-05-24","totta","Cantinho Doce",-13.00,1344.00,"restaurante"
757,"2023-05-24","totta","Transferência de Equation Story Unipessoal,lda",11.00,1357.00,"Transferência"
758,"2023-05-24","totta","Sumup *dhl Express Po",-45.00,1346.00,"NULL"
759,"2023-05-23","totta","Continente",-47.00,1391.00,"mercado"
760,"2023-05-23","totta","Vodafone",-43.00,1437.00,"fixas"
761,"2023-05-23","totta","Celeiro Forum Coimbr",-18.00,1480.00,"NULL"
762,"2023-05-23","totta","Trf.Imed.   de Carlos Eduardo Moreira Fer-R1991216",870.00,1498.00,"NULL"
763,"2023-05-23","totta","Transferência para Nr. XXXXX2887",-280.00,628.00,"Transferência"
764,"2023-05-23","totta","Levantamento Condeixa-a-nova",-10.00,908.00,"NULL"
765,"2023-05-23","totta","Paypal Spotify",-7.00,918.00,"lazer"
766,"2023-05-22","totta","Clinica Dentaria",-50.00,925.00,"NULL"
767,"2023-05-22","totta","Pagamento Coimbracaritasd",-6.00,975.00,"NULL"
768,"2023-05-22","totta","Transferência de Larissa Levindo",5.00,980.00,"Transferência"
769,"2023-05-22","totta","Transferência para Nr. XXXXX6865",-41.00,975.00,"Transferência"
770,"2023-05-22","totta","Adhoc Gym",-20.00,1016.00,"NULL"
771,"2023-05-22","totta","Adhoc Gym",-20.00,1036.00,"NULL"
772,"2023-05-22","totta","Pingo Doce Condeixa",-19.00,1056.00,"mercado"
773,"2023-05-22","totta","Transferência para Nr. XXXXX6828",-7.00,1074.00,"Transferência"
774,"2023-05-19","totta","Intermarche Taveiro",-18.00,1081.00,"mercado"
775,"2023-05-19","totta","Homa Coimbra",-7.00,1099.00,"bens"
776,"2023-05-19","totta","Transferência para Nr. XXXXX7805",-35.00,1106.00,"Transferência"
777,"2023-05-19","totta","Transferência para Nr. XXXXX7466",-112.00,1141.00,"Transferência"
778,"2023-05-19","totta","Inter Condeixa",-10.00,1253.00,"mercado"
779,"2023-05-19","totta","Farmacia Santa Crist",-16.00,1263.00,"NULL"
780,"2023-05-18","totta","Rest Tennessee",-43.00,1278.00,"restaurante"
781,"2023-05-18","totta","Farmacia S Tome",-12.00,1322.00,"NULL"
782,"2023-05-17","totta","Continente Bom Dia",-30.00,1334.00,"mercado"
783,"2023-05-17","totta","Ctt - Correios",-8.00,1364.00,"alc"
784,"2023-05-17","totta","Carregamento Vodafone",-12.00,1372.00,"fixas"
785,"2023-05-17","totta","Irn Nacionalidade",-120.00,1384.00,"alc"
786,"2023-05-16","totta","O Meu Jardim",-5.00,1504.00,"NULL"
787,"2023-05-16","totta","Cantinho Doce",-5.00,1509.00,"restaurante"
788,"2023-05-16","totta","Makro Coimbra",-32.00,1514.00,"mercado"
789,"2023-05-16","totta","Continente",-44.00,1546.00,"mercado"
790,"2023-05-16","totta","Nails 4 Us",-29.00,1590.00,"beleza"
791,"2023-05-16","totta","Transferência para Marcley",-5.00,1619.00,"Transferência"
792,"2023-05-16","totta","Women S Secret Coimb",-21.00,1624.00,"NULL"
793,"2023-05-16","totta","Primark Coimbra",-26.00,1646.00,"vestuario"
794,"2023-05-16","totta","Transferência de Carlos Castanho Junior",124.00,1671.00,"Transferência"
795,"2023-05-15","totta","Continente Bom Dia",-17.00,1547.00,"mercado"
796,"2023-05-15","totta","Transferência para Igreja Baptista De Coimbra",-80.00,1564.00,"Transferência"
797,"2023-05-15","totta","Trf. Cobr DUC 111022938368803",-579.00,1644.00,"NULL"
798,"2023-05-15","totta","Transferência de Ruben Dario Serrano Rodriguez",579.00,2223.00,"Transferência"
799,"2023-05-15","totta","Ctt - Correios",-3.00,1644.00,"alc"
800,"2023-05-15","totta","Levantamento Condeixa-a-nova",-40.00,1647.00,"NULL"
801,"2023-05-15","totta","Levantamento Condeixa-a-nova",-40.00,1687.00,"NULL"
802,"2023-05-15","totta","Cantinho Doce",-25.00,1727.00,"restaurante"
803,"2023-05-15","totta","Transferência para Marcley Da Costa Carvalho",-15000.00,1752.00,"Transferência"
804,"2023-05-15","totta","Transferência entre contas",13802.00,16752.00,"Transferência"
805,"2023-05-15","totta","Trf. Cobr DUC 111622578590403",-267.00,2950.00,"NULL"
806,"2023-05-15","totta","Trf. Cobr DUC 104323004166595",-411.00,3217.00,"NULL"
807,"2023-05-15","totta","Carregamento Vodafone Sa",-16.00,3628.00,"fixas"
808,"2023-05-15","totta","Paypal Google Google",-2.00,3644.00,"NULL"
809,"2023-05-15","totta","Transferência para Nr. XXXXX4770",-67.00,3646.00,"Transferência"
810,"2023-05-15","totta","Inter Condeixa",-8.00,3713.00,"mercado"
811,"2023-05-15","totta","Imposto do Selo sobre comissão",0.00,3721.00,"NULL"
812,"2023-05-15","totta","Comissão de manutenção de conta pacote",-6.00,3721.00,"NULL"
813,"2023-05-12","totta","Climag. Lda",-7.00,3727.00,"NULL"
814,"2023-05-12","totta","Ocaso Tropical",-10.00,3734.00,"NULL"
815,"2023-05-12","totta","Decathlon Coimbra Ii",-10.00,3744.00,"NULL"
816,"2023-05-12","totta","H3 Forum Coimbra",-20.00,3754.00,"restaurante"
817,"2023-05-12","totta","Springfield Forum",-72.00,3774.00,"NULL"
818,"2023-05-12","totta","Celeiro Forum Coimbr",-7.00,3846.00,"NULL"
819,"2023-05-12","totta","Transferência de Carlos Castanho Junior",475.00,3852.00,"Transferência"
820,"2023-05-12","totta","Transferência de Tiago Costa",405.00,3377.00,"Transferência"
821,"2023-05-12","totta","Petrogal",-22.00,2972.00,"fixas"
822,"2023-05-11","totta","Q Sabor Hamburgueria",-24.00,2994.00,"restaurante"
823,"2023-05-11","totta","Cantinho Doce",-4.00,3018.00,"restaurante"
824,"2023-05-11","totta","Inter Condeixa",-52.00,3022.00,"mercado"
825,"2023-05-11","totta","Paypal Google Wm Max",-4.00,3075.00,"NULL"
826,"2023-05-10","totta","Trf. Cobr DUC 111422215075903",-124.00,3079.00,"NULL"
827,"2023-05-10","totta","Pagamento Cx.p.adv.solicitador",-268.00,3203.00,"alc"
828,"2023-05-10","totta","Clinica Dentaria",-90.00,3471.00,"NULL"
829,"2023-05-10","totta","Meo. Sa",-53.00,3561.00,"fixas"
830,"2023-05-10","totta","Transferência de Bruno Franco Alves",100.00,3613.00,"Transferência"
831,"2023-05-09","totta","Mini Preco Vasco Valvenda Nova",-11.00,3513.00,"mercado"
832,"2023-05-09","totta","Cantinho Doce",-4.00,3525.00,"restaurante"
833,"2023-05-09","totta","Wilson Barber Shop",-13.00,3529.00,"NULL"
834,"2023-05-08","totta","Cantinho Doce",-6.00,3542.00,"restaurante"
835,"2023-05-08","totta","Levantamento Condeixa-a-nova",-40.00,3548.00,"NULL"
836,"2023-05-08","totta","Levantamento Condeixa-a-nova",-20.00,3588.00,"NULL"
837,"2023-05-08","totta","Ctt - Correios",-8.00,3608.00,"alc"
838,"2023-05-08","totta","Farmacia Rocha",-42.00,3615.00,"NULL"
839,"2023-05-08","totta","Benetton Forum Coimbra",-50.00,3657.00,"NULL"
840,"2023-05-08","totta","Petrogal",-17.00,3707.00,"fixas"
841,"2023-05-08","totta","Petrogal",-89.00,3724.00,"fixas"
842,"2023-05-08","totta","Universo. Ime S.",-50.00,3813.00,"NULL"
843,"2023-05-08","totta","Adhoc Gym",-20.00,3863.00,"NULL"
844,"2023-05-08","totta","Adhoc Gym",-20.00,3883.00,"NULL"
845,"2023-05-08","totta","Between Flavours Lda",-4.00,3903.00,"NULL"
846,"2023-05-08","totta","Between Flavours Lda",9.00,3907.00,"NULL"
847,"2023-05-08","totta","Between Flavours Lda",-9.00,3898.00,"NULL"
848,"2023-05-08","totta","Between Flavours Lda",-9.00,3907.00,"NULL"
849,"2023-05-08","totta","Women Secret Coimbra",-16.00,3916.00,"NULL"
850,"2023-05-08","totta","Ola Alma Shopping",-4.00,3932.00,"NULL"
851,"2023-05-08","totta","Intimissimi Coimbra",-21.00,3936.00,"NULL"
852,"2023-05-08","totta","Restaurante Italia",-84.00,3957.00,"restaurante"
853,"2023-05-08","totta","Mcdonalds Almegue",-21.00,4042.00,"NULL"
854,"2023-05-08","totta","Oysho",-23.00,4062.00,"vestuario"
855,"2023-05-08","totta","Pull & Bear",-75.00,4086.00,"vestuario"
856,"2023-05-08","totta","Zara",-30.00,4161.00,"NULL"
857,"2023-05-08","totta","7601085-04-Ccr-Lefties",2.00,4191.00,"vestuario"
858,"2023-05-08","totta","Celeiro Dieta",-5.00,4189.00,"NULL"
859,"2023-05-08","totta","Auchan Coimbra",-7.00,4194.00,"NULL"
860,"2023-05-08","totta","Continente Coimbra",-5.00,4201.00,"mercado"
861,"2023-05-08","totta","Continente Coimbra",-371.00,4206.00,"mercado"
862,"2023-05-08","totta","Bagga",-2.00,4578.00,"NULL"
863,"2023-05-05","totta","Q Sabor Hamburgueria",-27.00,4579.00,"restaurante"
864,"2023-05-05","totta","Cantinho Doce",-3.00,4606.00,"restaurante"
865,"2023-05-05","totta","Restaurante .come",-27.00,4609.00,"restaurante"
866,"2023-05-05","totta","Comissão de disponibilização de cartão de débito",-6.00,4637.00,"NULL"
867,"2023-05-05","totta","Imposto do selo sobre comissão",0.00,4643.00,"NULL"
868,"2023-05-05","totta","Paypal Google Google",-2.00,4643.00,"NULL"
869,"2023-05-05","totta","Transferência para Domague",-44.00,4645.00,"Transferência"
870,"2023-05-04","totta","Continente Bom Dia",-50.00,4689.00,"mercado"
871,"2023-05-04","totta","Cantinho Doce",-8.00,4739.00,"restaurante"
872,"2023-05-04","totta","Transferência para Alessandro Penido De Freitas",-975.00,4747.00,"Transferência"
873,"2023-05-04","totta","Restaurante .come",-21.00,5722.00,"restaurante"
874,"2023-05-04","totta","Cancelamento Antecipado",-12603.00,5743.00,"NULL"
875,"2023-05-04","totta","Transferência para Maria Albertina Da Costa Neves Pimentel",-220.00,18347.00,"Transferência"
876,"2023-05-04","totta","Pagamento de conta cartão",-4946.00,18567.00,"NULL"
877,"2023-05-04","totta","Transferência para Igreja Baptista De Coimbra",-2500.00,23513.00,"Transferência"
878,"2023-05-04","totta","Irn Nacionalidade",-175.00,26013.00,"alc"
879,"2023-05-04","totta","Transferência de Paula Cristina Mesquita Serra",25000.00,26188.00,"Transferência"
880,"2023-05-03","totta","Levantamento em numerário",-30.00,1188.00,"NULL"
881,"2023-05-03","totta","Transferência para Roberto Da Piedade Francisco",-850.00,1218.00,"Transferência"
882,"2023-05-03","totta","Levantamento Condeixa-a-nova",-20.00,2068.00,"NULL"
883,"2023-05-03","totta","Levantamento Condeixa-a-nova",-40.00,2088.00,"NULL"
884,"2023-05-03","totta","Praxis",-46.00,2128.00,"restaurante"
885,"2023-05-03","totta","Transferência para Maria Das Gracas Dos Santos",-140.00,2174.00,"Transferência"
886,"2023-05-03","totta","1 Conservatoria Reg",-42500.00,2314.00,"NULL"
887,"2023-05-03","totta","1 Conservatoria Reg",-375.00,44814.00,"NULL"
888,"2023-05-03","totta","Pensão Instituto Nacional Do Seguro Social",277.00,45189.00,"entrada"
889,"2023-05-03","totta","Transferência de Roberto Piedade Francisco",850.00,44912.00,"Transferência"
890,"2023-05-03","totta","Transferência de Roberto Piedade Francisco",850.00,44062.00,"Transferência"
891,"2023-05-03","totta","Aegon Santander",-37.00,43212.00,"seguro"
892,"2023-05-03","totta","Levantamento Coimbra",-60.00,43248.00,"NULL"
893,"2023-05-02","totta","Credito Habitacao Geral (54/366)",-265.00,43308.00,"bens"
894,"2023-05-02","totta","Seguro multi-riscos",-15.00,43573.00,"NULL"
895,"2023-05-02","totta","Seguro de vida",-40.00,43589.00,"NULL"
896,"2023-05-02","totta","Transferência de Maria Das Gracas Dos Santos",140.00,43628.00,"Transferência"
897,"2023-05-02","totta","Carregamento telemóvel",-12.00,43488.00,"NULL"
898,"2023-05-02","totta","Pagamento de serviços",-268.00,43500.00,"NULL"
899,"2023-05-02","totta","Transferência para Nr. XXXXX0136",-40.00,43768.00,"Transferência"
900,"2023-05-02","totta","Zara",-36.00,43808.00,"NULL"
901,"2023-05-02","totta","Transferência de Alessandro Penido Freitas",20000.00,43845.00,"Transferência"
902,"2023-05-02","totta","Municipio De Con",-37.00,23845.00,"fixas"
903,"2023-05-02","totta","Levantamento Condeixa-a-nova",-20.00,23882.00,"NULL"
904,"2023-05-02","totta","Transferência de Alessandro Penido Freitas",23000.00,23902.00,"Transferência"
905,"2023-05-02","totta","Transferência para Nr. XXXXX7805",-40.00,902.00,"Transferência"
906,"2023-04-28","totta","Transferência de Alessandro Penido Freitas",260.00,942.00,"Transferência"
907,"2023-04-28","totta","Transferência para Igreja Baptista De Coimbra",-56.00,682.00,"Transferência"
908,"2023-04-28","totta","Pagamento de serviços",-67.00,738.00,"NULL"
909,"2023-04-28","totta","Pagamento de serviços",-67.00,805.00,"NULL"
910,"2023-04-28","totta","Subscrição Ppr Cap. Garantido",-25.00,872.00,"NULL"
911,"2023-04-28","totta","Paypal Microsoft",-7.00,897.00,"Microsoft"
912,"2023-04-27","totta","Transferência de Carlo Frederico Muller",360.00,904.00,"Transferência"
913,"2023-04-27","totta","Levantamento Condeixa-a-nova",-20.00,544.00,"NULL"
914,"2023-04-26","totta","Trf.Imed.   de Transferwise-R1735086",225.00,564.00,"NULL"
915,"2023-04-26","totta","Carregamento Vodafone Sa",-12.00,339.00,"fixas"
916,"2023-04-26","totta","Levantamento Condeixa-a-nova",-30.00,351.00,"NULL"
917,"2023-04-26","totta","Levantamento Condeixa-a-nova",-40.00,381.00,"NULL"
918,"2023-04-26","totta","Aegon Santander",-23.00,421.00,"seguro"
919,"2023-04-26","totta","Transferência para Igreja Baptista De Coimbra",-60.00,444.00,"Transferência"
920,"2023-04-24","totta","Paypal Spotify",-7.00,504.00,"lazer"
921,"2023-04-24","totta","Adhoc Gym",-20.00,511.00,"NULL"
922,"2023-04-24","totta","Adhoc Gym",-20.00,531.00,"NULL"
923,"2023-04-24","totta","Levantamento Coimbra",-60.00,551.00,"NULL"
924,"2023-04-24","totta","Levantamento Coimbra",-10.00,611.00,"NULL"
925,"2023-04-21","totta","Imp.Selo-Cartao Credito-E1531154",0.00,621.00,"NULL"
926,"2023-04-21","totta","Comissão-Cartao Credito-E1531154",-2.00,621.00,"NULL"
927,"2023-04-21","totta","Transferência para Marcley Da Costa Carvalho",-340.00,622.00,"Transferência"
928,"2023-04-21","totta","Restaurante .come",-47.00,962.00,"restaurante"
929,"2023-04-20","totta","Transferência de Piauhylino - Associados Soc Advogados Sp Rl ,",147.00,1009.00,"Transferência"
930,"2023-04-19","totta","Continente Bom Dia Condeixa-a-no",-16.00,862.00,"mercado"
931,"2023-04-19","totta","Transferência para Nr. XXXXX7805",-22.00,878.00,"Transferência"
932,"2023-04-19","totta","Auchan Coimbra",-9.00,900.00,"NULL"
933,"2023-04-19","totta","Clin Montes Claros",-35.00,909.00,"NULL"
934,"2023-04-19","totta","Transferência para Igreja Baptista De Coimbra",-90.00,944.00,"Transferência"
935,"2023-04-19","totta","Levantamento Condeixa-a-nova",-20.00,1034.00,"NULL"
936,"2023-04-19","totta","Credito Pessoal (45/108)",-217.00,1054.00,"NULL"
937,"2023-04-18","totta","Trf.Imed.   de Transferwise-R1672017",905.00,1271.00,"NULL"
938,"2023-04-18","totta","Transferência para Nr. XXXXX6828",-30.00,366.00,"Transferência"
939,"2023-04-18","totta","Ctt - Correios",-9.00,396.00,"alc"
940,"2023-04-18","totta","Transferência para Nr. XXXXX8914",-11.00,405.00,"Transferência"
941,"2023-04-18","totta","H3 Forum Coimbra",-20.00,416.00,"restaurante"
942,"2023-04-18","totta","Moura & Santos Lda",-6.00,436.00,"NULL"
943,"2023-04-18","totta","Lefties",-2.00,442.00,"vestuario"
944,"2023-04-18","totta","Levantamento Condeixa-a-nova",-20.00,444.00,"NULL"
945,"2023-04-18","totta","Levantamento Condeixa-a-nova",-40.00,464.00,"NULL"
946,"2023-04-18","totta","Carregamento Vodafone Sa",-16.00,504.00,"fixas"
947,"2023-04-17","totta","Trf.Imed.   de Nium * Dayanna Amorim Dias-R1665214",420.00,520.00,"NULL"
948,"2023-04-17","totta","Transferência para Piauhylino Associados",-923.00,99.00,"Transferência"
949,"2023-04-17","totta","Sabores Da Quinta",-5.00,1022.00,"NULL"
950,"2023-04-17","totta","Via Verde",-42.00,1027.00,"NULL"
951,"2023-04-17","totta","Benetton Forum Coimbra",-50.00,1069.00,"NULL"
952,"2023-04-17","totta","Q Sabor Hamburgueria",-42.00,1119.00,"restaurante"
953,"2023-04-17","totta","Imposto do Selo sobre comissão",0.00,1161.00,"NULL"
954,"2023-04-17","totta","Comissão de manutenção de conta pacote",-6.00,1161.00,"NULL"
955,"2023-04-14","totta","Levantamento Coimbra",-20.00,1167.00,"NULL"
956,"2023-04-14","totta","Levantamento Coimbra",-30.00,1187.00,"NULL"
957,"2023-04-13","totta","Paypal Google Google",-2.00,1217.00,"NULL"
958,"2023-04-13","totta","Transferência de J T Consulting, Lda",419.00,1219.00,"Transferência"
959,"2023-04-12","totta","Transferência para Nr. XXXXX1673",-45.00,800.00,"Transferência"
960,"2023-04-12","totta","Ctt - Correios",-3.00,845.00,"alc"
961,"2023-04-12","totta","Cantinho Doce",-4.00,848.00,"restaurante"
962,"2023-04-12","totta","Petrogal",-22.00,852.00,"fixas"
963,"2023-04-12","totta","Adhoc Gym",-20.00,874.00,"NULL"
964,"2023-04-12","totta","Adhoc Gym",-20.00,894.00,"NULL"
965,"2023-04-11","totta","Trf.Imed.   de Nium * Matheus de Freitas -R1623086",150.00,914.00,"NULL"
966,"2023-04-11","totta","Transferência para Igreja Baptista De Coimbra",-131.00,764.00,"Transferência"
967,"2023-04-11","totta","Pagamento Advogadosordem",-15.00,895.00,"alc"
968,"2023-04-11","totta","Pagamento Advogadosordem",-15.00,910.00,"alc"
969,"2023-04-11","totta","Levantamento Condeixa-a-nova",-20.00,925.00,"NULL"
970,"2023-04-11","totta","Levantamento Condeixa-a-nova",-40.00,945.00,"NULL"
971,"2023-04-11","totta","Cantinho Doce",-14.00,985.00,"restaurante"
972,"2023-04-11","totta","Pagamentos Vodafone",-37.00,999.00,"fixas"
973,"2023-04-11","totta","7601085 Lev.Numerario",-20.00,1036.00,"NULL"
974,"2023-04-11","totta","Trf.Créd.N.Sepa+recebida 0018375169600097422",516.00,1056.00,"NULL"
975,"2023-04-11","totta","Paypal Steam Games",-2.00,540.00,"lazer"
976,"2023-04-11","totta","Paypal Google Wm Max",-4.00,542.00,"NULL"
977,"2023-04-11","totta","Transferência de Alessandro Penido Freitas",60.00,546.00,"Transferência"
978,"2023-04-11","totta","Petrogal",-154.00,486.00,"fixas"
979,"2023-04-10","totta","Mini Preco Vasco Valvenda Nova",-9.00,640.00,"mercado"
980,"2023-04-10","totta","Farmacia S Tome Condeixa-a-no",-7.00,649.00,"NULL"
981,"2023-04-10","totta","Pagamento de serviços",-22.00,656.00,"NULL"
982,"2023-04-10","totta","Transferência para Nr. XXXXX0136",-150.00,678.00,"Transferência"
983,"2023-04-10","totta","Tinella",-23.00,828.00,"restaurante"
984,"2023-04-10","totta","Via Verde",-1.00,851.00,"NULL"
985,"2023-04-10","totta","Via Verde",-36.00,852.00,"NULL"
986,"2023-04-10","totta","Via Verde",-1.00,889.00,"NULL"
987,"2023-04-10","totta","Via Verde",-38.00,890.00,"NULL"
988,"2023-04-10","totta","Continente Bom Dia",-30.00,928.00,"mercado"
989,"2023-04-10","totta","Transferência para Nr. XXXXX2173",-30.00,958.00,"Transferência"
990,"2023-04-10","totta","Cantinho Doce",-20.00,988.00,"restaurante"
991,"2023-04-10","totta","Continente Coimbra",-42.00,1008.00,"mercado"
992,"2023-04-06","totta","Continente Bom Dia",-44.00,1050.00,"mercado"
993,"2023-04-06","totta","Trf. Cobr DUC 162212405407787",-73.00,1093.00,"NULL"
994,"2023-04-06","totta","Transferência para Maria Albertina Da Costa Neves Pimentel",-220.00,1167.00,"Transferência"
995,"2023-04-06","totta","Ctt - Correios",-7.00,1387.00,"alc"
996,"2023-04-06","totta","Transferência de Alessandro Penido Freitas",99.00,1393.00,"Transferência"
997,"2023-04-06","totta","Levantamento Coimbra",-20.00,1295.00,"NULL"
998,"2023-04-06","totta","Universo. Ime S.",-50.00,1315.00,"NULL"
999,"2023-04-05","totta","Q Sabor Hamb",-23.00,1365.00,"restaurante"
1000,"2023-04-05","totta","Pagamento Dglab",-30.00,1388.00,"NULL"
1001,"2023-04-05","totta","Pingo Doce Condeixa Conde",-31.00,1418.00,"mercado"
1002,"2023-04-05","totta","Continente Bom Dia",-7.00,1449.00,"mercado"
1003,"2023-04-05","totta","Cantinho Doce",-13.00,1456.00,"restaurante"
1004,"2023-04-05","totta","Cantinho Doce",-4.00,1469.00,"restaurante"
1005,"2023-04-05","totta","Paypal Google Google",0.00,1473.00,"NULL"
1006,"2023-04-05","totta","Meo. Sa",-53.00,1473.00,"fixas"
1007,"2023-04-05","totta","Transferência para Domague",-44.00,1526.00,"Transferência"
1008,"2023-04-05","totta","Transferência de Bruno Franco Alves",800.00,1570.00,"Transferência"
1009,"2023-04-04","totta","Rest Jackpot",-45.00,770.00,"restaurante"
1010,"2023-04-04","totta","Pensão Instituto Nacional Do Seguro Social",277.00,815.00,"entrada"
1011,"2023-04-04","totta","Transferência para Nr. XXXXX7805",-40.00,539.00,"Transferência"
1012,"2023-04-04","totta","Cantinho Doce",-5.00,579.00,"restaurante"
1013,"2023-04-04","totta","Pagamento Coimbracaritasd",-39.00,583.00,"NULL"
1014,"2023-04-04","totta","Kiko",-11.00,622.00,"NULL"
1015,"2023-04-03","totta","Credito Habitacao Geral (53/366)",-265.00,633.00,"bens"
1016,"2023-04-03","totta","Seguro multi-riscos",-15.00,899.00,"NULL"
1017,"2023-04-03","totta","Seguro de vida",-40.00,914.00,"NULL"
1018,"2023-04-03","totta","Pagamento de conta cartão",-300.00,954.00,"NULL"
1019,"2023-04-03","totta","Transferência de Alessandro Penido Freitas",73.00,1254.00,"Transferência"
1020,"2023-04-03","totta","Levantamento Condeixa-a-nova",-30.00,1181.00,"NULL"
1021,"2023-04-03","totta","Levantamento Condeixa-a-nova",-30.00,1211.00,"NULL"
1022,"2023-04-03","totta","Cantinho Doce",-6.00,1241.00,"restaurante"
1023,"2023-04-03","totta","Restaurante .come",-20.00,1247.00,"restaurante"
1024,"2023-04-03","totta","Hui Wang",-5.00,1267.00,"NULL"
1025,"2023-04-03","totta","Hm Aquaportimao",-25.00,1272.00,"NULL"
1026,"2023-04-03","totta","Intercondeixa",-27.00,1297.00,"mercado"
1027,"2023-04-03","totta","Paypal *nex.pt",-6.00,1324.00,"NULL"
1028,"2023-04-03","totta","Municipio De Con",-41.00,1330.00,"fixas"
1029,"2023-04-03","totta","Transferência de Roberto Piedade Francisco",850.00,1371.00,"Transferência"
1030,"2023-04-03","totta","Lidl Agradece",-2.00,521.00,"mercado"
1031,"2023-04-03","totta","Carregamento telemóvel",-12.00,523.00,"NULL"
1032,"2023-04-03","totta","Transferência para Nr. XXXXX8914",-17.00,535.00,"Transferência"
1033,"2023-04-03","totta","Restaurante .come",-33.00,552.00,"restaurante"
1034,"2023-04-03","totta","Farmacia Conimbriga",-8.00,585.00,"NULL"
1035,"2023-04-03","totta","Liu Xiaofeng",-5.00,593.00,"NULL"
1036,"2023-04-03","totta","Transferência para Andrea",-30.00,597.00,"Transferência"
1037,"2023-04-03","totta","Brisa Areas Servico",-20.00,627.00,"NULL"
1038,"2023-04-03","totta","A S Alcacer",-32.00,647.00,"NULL"
1039,"2023-04-03","totta","Levantamento Portimao",-20.00,679.00,"NULL"
1040,"2023-03-31","totta","Trf.Imed.   de Transferwise-R1548059",500.00,699.00,"NULL"
1041,"2023-03-31","totta","Mcdonalds Faro",-13.00,199.00,"NULL"
1042,"2023-03-31","totta","Brisa Areas Servico",-7.00,211.00,"NULL"
1043,"2023-03-31","totta","Subscrição Ppr Cap. Garantido",-25.00,218.00,"NULL"
1044,"2023-03-31","totta","Aegon Santander",-37.00,243.00,"seguro"
1045,"2023-03-30","totta","Transferência para Igreja Baptista De Coimbra",-68.00,280.00,"Transferência"
1046,"2023-03-30","totta","Transferência para Nr. XXXXX7805",-15.00,348.00,"Transferência"
1047,"2023-03-30","totta","Levantamento Condeixa-a-nova",-10.00,363.00,"NULL"
1048,"2023-03-30","totta","Inter Condeixa",-1.00,373.00,"mercado"
1049,"2023-03-29","totta","Cantinho Doce",-6.00,374.00,"restaurante"
1050,"2023-03-29","totta","Quiosque Delta",-2.00,380.00,"NULL"
1051,"2023-03-29","totta","Nails 4 Us",-29.00,383.00,"beleza"
1052,"2023-03-29","totta","Sabores Mondego Rest",-20.00,412.00,"restaurante"
1053,"2023-03-29","totta","Douglas",-40.00,432.00,"NULL"
1054,"2023-03-29","totta","Celeiro Forum Coimbr",-4.00,472.00,"NULL"
1055,"2023-03-28","totta","Mini Preco Vasco Valvenda Nova",-8.00,477.00,"mercado"
1056,"2023-03-28","totta","Q Sabor Hamburgueria",-25.00,485.00,"restaurante"
1057,"2023-03-28","totta","Pagamento Cx.p.adv.solicitador",-268.00,510.00,"alc"
1058,"2023-03-28","totta","Transferência para Andrea L Carvalho",-295.00,778.00,"Transferência"
1059,"2023-03-28","totta","Cantinho Doce",-15.00,1073.00,"restaurante"
1060,"2023-03-28","totta","Trf.Créd.N.Sepa+recebida 0018375169600096222",500.00,1088.00,"NULL"
1061,"2023-03-28","totta","Trf. Cobr DUC 104123002030934",-407.00,588.00,"NULL"
1062,"2023-03-28","totta","Transferência para Igreja Baptista De Coimbra",-40.00,995.00,"Transferência"
1063,"2023-03-28","totta","Carregamento Vodafone Sa",-12.00,1035.00,"fixas"
1064,"2023-03-28","totta","Carregamento Vodafone Sa",-16.00,1047.00,"fixas"
1065,"2023-03-27","totta","Trf.Imed.   de Banco Topazio-R1520044",379.00,1063.00,"NULL"
1066,"2023-03-27","totta","Cantinho Doce",-6.00,684.00,"restaurante"
1067,"2023-03-27","totta","Levantamento Condeixa-a-nova",-60.00,689.00,"NULL"
1068,"2023-03-27","totta","Inter Condeixa",-12.00,749.00,"mercado"
1069,"2023-03-27","totta","Rituals Cosmetics",-7.00,761.00,"NULL"
1070,"2023-03-27","totta","Irn Nacionalidade",-250.00,768.00,"alc"
1071,"2023-03-27","totta","Adhoc Gym",-20.00,1018.00,"NULL"
1072,"2023-03-27","totta","Adhoc Gym",-38.00,1038.00,"NULL"
1073,"2023-03-27","totta","Continente Bom Dia",-2.00,1076.00,"mercado"
1074,"2023-03-27","totta","Transferência para Nr. XXXXX8914",-11.00,1078.00,"Transferência"
1075,"2023-03-27","totta","Continente",-32.00,1089.00,"mercado"
1076,"2023-03-27","totta","Levantamento Coimbra",-10.00,1121.00,"NULL"
1077,"2023-03-27","totta","Pluricosmetica",-3.00,1131.00,"NULL"
1078,"2023-03-27","totta","Chimarr O Coimbra",-18.00,1134.00,"NULL"
1079,"2023-03-27","totta","Vitaminas F Coimbra",-15.00,1152.00,"NULL"
1080,"2023-03-27","totta","Transferência para Nr. XXXXX5980",-26.00,1167.00,"Transferência"
1081,"2023-03-27","totta","Cantinho Doce",-5.00,1193.00,"restaurante"
1082,"2023-03-24","totta","Levantamento Coimbra",-10.00,1198.00,"NULL"
1083,"2023-03-24","totta","Lefties",-13.00,1208.00,"vestuario"
1084,"2023-03-24","totta","Continente",-6.00,1221.00,"mercado"
1085,"2023-03-24","totta","Celeiro Forum Coimbr",-6.00,1228.00,"NULL"
1086,"2023-03-24","totta","Celeiro Forum Coimbr",-37.00,1234.00,"NULL"
1087,"2023-03-24","totta","Celeiro Forum Coimbr",-4.00,1271.00,"NULL"
1088,"2023-03-24","totta","Continente",-11.00,1275.00,"mercado"
1089,"2023-03-24","totta","Transferência para Igreja Baptista De Coimbra",-70.00,1285.00,"Transferência"
1090,"2023-03-24","totta","Ctt - Correios",-8.00,1355.00,"alc"
1091,"2023-03-24","totta","Pagamento Ifmb",-58.00,1363.00,"NULL"
1092,"2023-03-24","totta","Inter Condeixa",-59.00,1421.00,"mercado"
1093,"2023-03-23","totta","Transferência de Ruben Dario Serrano Rodriguez",700.00,1480.00,"Transferência"
1094,"2023-03-23","totta","Transferência para Igreja Baptista De Coimbra",-75.00,780.00,"Transferência"
1095,"2023-03-23","totta","Trf.Créd.N.Sepa+recebida 0018375169600095862",540.00,855.00,"NULL"
1096,"2023-03-23","totta","Transferência de Sra Flavia Batista",250.00,315.00,"Transferência"
1097,"2023-03-23","totta","Aegon Santander",-23.00,65.00,"seguro"
1098,"2023-03-22","totta","Pagamento de serviços",-100.00,88.00,"NULL"
1099,"2023-03-22","totta","Levantamento Condeixa-a-nova",-10.00,188.00,"NULL"
1100,"2023-03-21","totta","Transferência para Nr. XXXXX7805",-15.00,198.00,"Transferência"
1101,"2023-03-21","totta","Levantamento Condeixa-a-nova",-10.00,213.00,"NULL"
1102,"2023-03-20","totta","Credito Pessoal (44/108)",-217.00,223.00,"NULL"
1103,"2023-03-20","totta","Levantamento Condeixa-a-nova",-10.00,440.00,"NULL"
1104,"2023-03-20","totta","Levantamento Condeixa-a-nova",-10.00,450.00,"NULL"
1105,"2023-03-20","totta","Levantamento Condeixa-a-nova",-30.00,460.00,"NULL"
1106,"2023-03-20","totta","Transferência de Eduardo Costa Ramos",185.00,490.00,"Transferência"
1107,"2023-03-20","totta","Continente",-10.00,306.00,"mercado"
1108,"2023-03-20","totta","Celeiro Forum Coimbr",-22.00,316.00,"NULL"
1109,"2023-03-20","totta","Hanami Sushi",-11.00,339.00,"restaurante"
1110,"2023-03-20","totta","Mania Poke Bowls",-10.00,350.00,"restaurante"
1111,"2023-03-17","totta","Trf.Imed.   de Banco Topazio-R1463411",90.00,361.00,"NULL"
1112,"2023-03-17","totta","Transferência para Igreja Baptista De Coimbra",-42.00,271.00,"Transferência"
1113,"2023-03-17","totta","Pagamento Petrogal",-32.00,313.00,"fixas"
1114,"2023-03-16","totta","Trf.Imed.   de Renata Werneck de Macedo-R1457797",150.00,345.00,"NULL"
1115,"2023-03-16","totta","Mini Preco Vasco Val",-8.00,195.00,"mercado"
1116,"2023-03-16","totta","Levantamento Condeixa-a-nova",-10.00,203.00,"NULL"
1117,"2023-03-15","totta","Transferência para Nr. XXXXX8914",-17.00,213.00,"Transferência"
1118,"2023-03-14","totta","Trf.Imed.   de Banco Topazio-R1443473",193.00,230.00,"NULL"
1119,"2023-03-13","totta","Levantamento Condeixa-a-nova",-20.00,36.00,"NULL"
1120,"2023-03-13","totta","Levantamento Condeixa-a-nova",-10.00,56.00,"NULL"
1121,"2023-03-13","totta","Levantamento Condeixa-a-nova",-10.00,66.00,"NULL"
1122,"2023-03-13","totta","Inter Condeixa",-10.00,76.00,"mercado"
1123,"2023-03-13","totta","Petrogal",-22.00,86.00,"fixas"
1124,"2023-03-13","totta","Petrogal",-288.00,108.00,"fixas"
1125,"2023-03-13","totta","Adhoc Gym",-20.00,395.00,"NULL"
1126,"2023-03-13","totta","Adhoc Gym",-20.00,415.00,"NULL"
1127,"2023-03-13","totta","Transferência para Jamile",-25.00,435.00,"Transferência"
1128,"2023-03-13","totta","Transferência para Nr. XXXXX6661",-15.00,460.00,"Transferência"
1129,"2023-03-13","totta","Tertulia Polpular",-4.00,475.00,"NULL"
1130,"2023-03-13","totta","Imposto do Selo sobre comissão",0.00,479.00,"NULL"
1131,"2023-03-13","totta","Comissão de manutenção de conta pacote",-6.00,479.00,"NULL"
1132,"2023-03-10","totta","Mini Preco Vasco Val",-11.00,485.00,"mercado"
1133,"2023-03-10","totta","Uppc Lda",-70.00,496.00,"NULL"
1134,"2023-03-10","totta","Mdtec",-18.00,566.00,"alc"
1135,"2023-03-10","totta","Ctt - Correios",-8.00,583.00,"alc"
1136,"2023-03-08","totta","Triangular Design, U",-80.00,591.00,"NULL"
1137,"2023-03-08","totta","Graos E Canela Lda",-2.00,671.00,"NULL"
1138,"2023-03-08","totta","Continente",-13.00,673.00,"mercado"
1139,"2023-03-08","totta","Lefties",-9.00,687.00,"vestuario"
1140,"2023-03-08","totta","Celeiro Forum Coimbr",-8.00,696.00,"NULL"
1141,"2023-03-08","totta","Inter Condeixa",-35.00,704.00,"mercado"
1142,"2023-03-08","totta","Transferência de Igor Ferreira Picanco",80.00,739.00,"Transferência"
1143,"2023-03-08","totta","Meo. Sa",-58.00,659.00,"fixas"
1144,"2023-03-07","totta","Transferência para Nr. XXXXX0136",-9.00,717.00,"Transferência"
1145,"2023-03-07","totta","Transferência de Adriana Levindo",100.00,726.00,"Transferência"
1146,"2023-03-06","totta","Farmacia Rocha",-4.00,626.00,"NULL"
1147,"2023-03-06","totta","Cantinho Doce",-5.00,630.00,"restaurante"
1148,"2023-03-06","totta","Transferência para Maria Albertina Da Costa Neves Pimentel",-220.00,635.00,"Transferência"
1149,"2023-03-06","totta","Pagamento Vodafone Sa",-37.00,855.00,"fixas"
1150,"2023-03-06","totta","Levantamento Condeixa-a-nova",-10.00,892.00,"NULL"
1151,"2023-03-06","totta","Levantamento Condeixa-a-nova",-10.00,902.00,"NULL"
1152,"2023-03-06","totta","Levantamento Condeixa-a-nova",-30.00,912.00,"NULL"
1153,"2023-03-06","totta","Adhoc Gim",-6.00,942.00,"saude"
1154,"2023-03-06","totta","Inter Condeixa",-56.00,948.00,"mercado"
1155,"2023-03-06","totta","Carregamento Vodafone Sa",-12.00,1004.00,"fixas"
1156,"2023-03-06","totta","Via Verde",-5.00,1016.00,"NULL"
1157,"2023-03-06","totta","Rituals Cosmetics",-52.00,1021.00,"NULL"
1158,"2023-03-06","totta","Transferência para Domague",-44.00,1073.00,"Transferência"
1159,"2023-03-06","totta","Universo. Ime S.",-50.00,1117.00,"NULL"
1160,"2023-03-06","totta","Carregamento telemóvel",-12.00,1167.00,"NULL"
1161,"2023-03-06","totta","Arcadia",-12.00,1179.00,"NULL"
1162,"2023-03-06","totta","B25 Parfois Cc Forum",-5.00,1191.00,"NULL"
1163,"2023-03-06","totta","Dreams For You",-17.00,1196.00,"NULL"
1164,"2023-03-06","totta","Lefties",-24.00,1212.00,"vestuario"
1165,"2023-03-06","totta","Transferência para Nr. XXXXX7805",-31.00,1236.00,"Transferência"
1166,"2023-03-03","totta","Q Sabor Hamb",-31.00,1267.00,"restaurante"
1167,"2023-03-03","totta","Ctt - Correios",-4.00,1298.00,"alc"
1168,"2023-03-03","totta","Comissão de disponibilização de cartão de débito",-6.00,1303.00,"NULL"
1169,"2023-03-03","totta","Imposto do selo sobre comissão",0.00,1309.00,"NULL"
1170,"2023-03-02","totta","Cantinho Doce",-8.00,1309.00,"restaurante"
1171,"2023-03-02","totta","Transferência para Igreja Baptista De Coimbra",-112.00,1317.00,"Transferência"
1172,"2023-03-02","totta","Transferência para Alessandro Penido De Freitas",-1615.00,1430.00,"Transferência"
1173,"2023-03-02","totta","Trf. Cobr DUC 163423015069675",-85.00,3045.00,"NULL"
1174,"2023-03-02","totta","Fernanda Simoes, Lda",-7.00,3130.00,"NULL"
1175,"2023-03-02","totta","Pensão Instituto Nacional Do Seguro Social",275.00,3137.00,"entrada"
1176,"2023-03-02","totta","Transferência para Nr. XXXXX8914",-17.00,2862.00,"Transferência"
1177,"2023-03-02","totta","Credito Habitacao Geral (52/366)",-265.00,2879.00,"bens"
1178,"2023-03-02","totta","Seguro multi-riscos",-15.00,3144.00,"NULL"
1179,"2023-03-02","totta","Seguro de vida",-40.00,3159.00,"NULL"
1180,"2023-03-02","totta","Via Verde",-36.00,3199.00,"NULL"
1181,"2023-03-02","totta","Transferência de Roberto Piedade Francisco",2250.00,3235.00,"Transferência"
1182,"2023-03-02","totta","Transferência de Roberto Piedade Francisco",300.00,985.00,"Transferência"
1183,"2023-03-01","totta","Continente Coimbra",-196.00,685.00,"mercado"
1184,"2023-03-01","totta","Celeiro Forum Coimbr",-8.00,882.00,"NULL"
1185,"2023-03-01","totta","Nails 4 Us",-29.00,889.00,"beleza"
1186,"2023-03-01","totta","Crc Coimbra",-5.00,918.00,"alc"
1187,"2023-03-01","totta","Cantinho Doce",-15.00,923.00,"restaurante"
1188,"2023-03-01","totta","Pagamento Socialinstitutogfs",-20.00,938.00,"NULL"
1189,"2023-03-01","totta","Carregamento Vodafone Sa",-12.00,959.00,"fixas"
1190,"2023-03-01","totta","Wise",-113.00,971.00,"NULL"
1191,"2023-03-01","totta","Aegon Santander",-35.00,1084.00,"seguro"
1192,"2023-03-01","totta","Municipio De Con",-44.00,1119.00,"fixas"
1193,"2023-02-28","totta","Continente Bom Dia",-28.00,1162.00,"mercado"
1194,"2023-02-28","totta","Cantinho Doce",-7.00,1191.00,"restaurante"
1195,"2023-02-28","totta","Restaurante .come",-20.00,1198.00,"restaurante"
1196,"2023-02-28","totta","Restaurante Tinella",-74.00,1218.00,"restaurante"
1197,"2023-02-28","totta","Subscrição Ppr Cap. Garantido",-25.00,1292.00,"NULL"
1198,"2023-02-27","totta","Transferência para Igreja Baptista De Coimbra",-57.00,1317.00,"Transferência"
1199,"2023-02-27","totta","Levantamento Condeixa-a-nova",-10.00,1373.00,"NULL"
1200,"2023-02-27","totta","Levantamento Condeixa-a-nova",-40.00,1383.00,"NULL"
1201,"2023-02-27","totta","Cantinho Doce",-6.00,1423.00,"restaurante"
1202,"2023-02-27","totta","Piscinas Municipais",-43.00,1429.00,"NULL"
1203,"2023-02-27","totta","Transferência de Transferwise",113.00,1472.00,"Transferência"
1204,"2023-02-27","totta","Transferência de Gt Santos Dutra Cj",567.00,1359.00,"Transferência"
1205,"2023-02-27","totta","Via Verde",-38.00,792.00,"NULL"
1206,"2023-02-27","totta","Primark Coimbra",-10.00,830.00,"vestuario"
1207,"2023-02-27","totta","Irn Nacionalidade",-175.00,840.00,"alc"
1208,"2023-02-27","totta","Irn Nacionalidade",-175.00,1015.00,"alc"
1209,"2023-02-27","totta","Irn Nacionalidade",-175.00,1190.00,"alc"
1210,"2023-02-27","totta","Irn Nacionalidade",-175.00,1365.00,"alc"
1211,"2023-02-27","totta","Adhoc Gym",-20.00,1540.00,"NULL"
1212,"2023-02-27","totta","Adhoc Gym",-38.00,1560.00,"NULL"
1213,"2023-02-27","totta","Inter Condeixa",-30.00,1598.00,"mercado"
1214,"2023-02-27","totta","Transferência para Nr. XXXXX7805",-14.00,1628.00,"Transferência"
1215,"2023-02-27","totta","Transferência para Nr. XXXXX2772",-12.00,1642.00,"Transferência"
1216,"2023-02-27","totta","Antonio Manuel",-6.00,1654.00,"NULL"
1217,"2023-02-27","totta","Continente Coimbra",-11.00,1660.00,"mercado"
1218,"2023-02-24","totta","Continente",-92.00,1671.00,"mercado"
1219,"2023-02-24","totta","Dreams For You",-9.00,1763.00,"NULL"
1220,"2023-02-24","totta","Cantinho Doce",-4.00,1771.00,"restaurante"
1221,"2023-02-24","totta","Alentejo Pao, Azeite",-8.00,1775.00,"NULL"
1222,"2023-02-24","totta","Alentejo Pao, Azeite",-19.00,1783.00,"NULL"
1223,"2023-02-24","totta","Hawkers",-55.00,1802.00,"NULL"
1224,"2023-02-24","totta","Ctt - Correios",-8.00,1857.00,"alc"
1225,"2023-02-24","totta","Dom Pedro Portobelo",-72.00,1865.00,"NULL"
1226,"2023-02-23","totta","Q Sabor Hamburgueria",-16.00,1937.00,"restaurante"
1227,"2023-02-23","totta","Transferência para Igreja Baptista De Coimbra",-42.00,1954.00,"Transferência"
1228,"2023-02-23","totta","Transferência para Nr. XXXXX0136",-150.00,1996.00,"Transferência"
1229,"2023-02-23","totta","Cantinho Doce",-15.00,2146.00,"restaurante"
1230,"2023-02-23","totta","Levantamento Condeixa-a-nova",-40.00,2161.00,"NULL"
1231,"2023-02-23","totta","Dom Pedro Portobelo",-76.00,2201.00,"NULL"
1232,"2023-02-23","totta","Trf.Imed.   de Transferwise-R1318434",155.00,2276.00,"NULL"
1233,"2023-02-23","totta","Aegon Santander",-23.00,2121.00,"seguro"
1234,"2023-02-22","totta","Brisa Areas Servico Aljustrel",-21.00,2144.00,"NULL"
1235,"2023-02-22","totta","Repsol E0840",-30.00,2165.00,"NULL"
1236,"2023-02-22","totta","Trf.Imed.   de Transferwise-R1315424",100.00,2195.00,"NULL"
1237,"2023-02-22","totta","Trf.Imed.   de Banco Topazio-R1314007",1362.00,2095.00,"NULL"
1238,"2023-02-22","totta","Jafer S Sup",-3.00,733.00,"NULL"
1239,"2023-02-22","totta","Via Verde",-19.00,736.00,"NULL"
1240,"2023-02-22","totta","Merlino Hot E Rest L",-8.00,755.00,"restaurante"
1241,"2023-02-22","totta","Restaurante Thai",-51.00,763.00,"restaurante"
1242,"2023-02-22","totta","Ucb Vilamoura",-14.00,814.00,"NULL"
1243,"2023-02-22","totta","Rest Clipper",-35.00,828.00,"restaurante"
1244,"2023-02-20","totta","Credito Pessoal (43/108)",-217.00,863.00,"NULL"
1245,"2023-02-20","totta","Rare Steak House Vilamoura",-60.00,1081.00,"restaurante"
1246,"2023-02-20","totta","Levantamento Quarteira",-50.00,1141.00,"NULL"
1247,"2023-02-20","totta","Brisa Areas Servico",-7.00,1191.00,"NULL"
1248,"2023-02-20","totta","Mini Preco Vasco Val",-5.00,1198.00,"mercado"
1249,"2023-02-20","totta","Continente Bom Dia",-11.00,1203.00,"mercado"
1250,"2023-02-20","totta","Intercondeixa, Lda",-7.00,1214.00,"mercado"
1251,"2023-02-20","totta","Inter Condeixa",-54.00,1222.00,"mercado"
1252,"2023-02-20","totta","A Briosinha",-5.00,1276.00,"NULL"
1253,"2023-02-20","totta","Burguer King Coimbra",-7.00,1281.00,"NULL"
1254,"2023-02-20","totta","Bk Coimbra",-31.00,1289.00,"NULL"
1255,"2023-02-20","totta","Mini Preco Vasco Val",-13.00,1319.00,"mercado"
1256,"2023-02-17","totta","Continente Bom Dia",-15.00,1333.00,"mercado"
1257,"2023-02-17","totta","Transferência para Igreja Baptista De Coimbra",-90.00,1347.00,"Transferência"
1258,"2023-02-17","totta","Transferência para Andrea L Carvalho",-610.00,1437.00,"Transferência"
1259,"2023-02-17","totta","Trf.Imed.   de Transferwise-R1289434",610.00,2047.00,"NULL"
1260,"2023-02-17","totta","Trf.Imed.   de Transferwise-R1289335",900.00,1437.00,"NULL"
1261,"2023-02-17","totta","Optica Ideal",-75.00,537.00,"saude"
1262,"2023-02-17","totta","Cantinho Doce",-9.00,612.00,"restaurante"
1263,"2023-02-17","totta","Transferência para Nr. XXXXX7805",-15.00,621.00,"Transferência"
1264,"2023-02-17","totta","Paula Moura",-24.00,636.00,"NULL"
1265,"2023-02-17","totta","Tertulia De Sabores",-4.00,660.00,"NULL"
1266,"2023-02-16","totta","Transferência para Arquivo Distrital De Braga",-22.00,665.00,"Transferência"
1267,"2023-02-16","totta","Levantamento Condeixa-a-nova",-10.00,687.00,"NULL"
1268,"2023-02-16","totta","Pagamento de conta cartão",-1330.00,697.00,"NULL"
1269,"2023-02-16","totta","Ctt - Correios",-11.00,2027.00,"alc"
1270,"2023-02-16","totta","Trf.Imed.   de Transferwise-R1281700",350.00,2038.00,"NULL"
1271,"2023-02-15","totta","Continente Coimbra",-148.00,1688.00,"mercado"
1272,"2023-02-15","totta","Moinho Velho, Lda",-7.00,1836.00,"restaurante"
1273,"2023-02-14","totta","Q Sabor Hamb",-24.00,1843.00,"restaurante"
1274,"2023-02-14","totta","Trf. Cobr DUC 104723001150038",-405.00,1867.00,"NULL"
1275,"2023-02-14","totta","Pagamento de serviços",-268.00,2272.00,"NULL"
1276,"2023-02-14","totta","Transferência para Igreja Baptista De Coimbra",-125.00,2540.00,"Transferência"
1277,"2023-02-14","totta","Transferência de Alessandro Penido Freitas",1250.00,2665.00,"Transferência"
1278,"2023-02-14","totta","Restaurante .come",-31.00,1415.00,"restaurante"
1279,"2023-02-14","totta","Adhoc Gim",-24.00,1445.00,"saude"
1280,"2023-02-13","totta","Cantinho Doce",-6.00,1470.00,"restaurante"
1281,"2023-02-13","totta","Farmacia S Tome",-6.00,1476.00,"NULL"
1282,"2023-02-13","totta","Irn Nacionalidade",-120.00,1482.00,"alc"
1283,"2023-02-13","totta","Petrogal",-22.00,1602.00,"fixas"
1284,"2023-02-13","totta","Adhoc Gym",-20.00,1624.00,"NULL"
1285,"2023-02-13","totta","Adhoc Gym",-20.00,1644.00,"NULL"
1286,"2023-02-13","totta","Carregamento Vodafone Sa",-16.00,1664.00,"fixas"
1287,"2023-02-13","totta","Mercada Do Queijo",-10.00,1680.00,"NULL"
1288,"2023-02-13","totta","Casa Do Sabugueiro",-21.00,1690.00,"NULL"
1289,"2023-02-13","totta","Pingo Doce Condeixa",-27.00,1711.00,"mercado"
1290,"2023-02-13","totta","Burger King - C C",-13.00,1738.00,"NULL"
1291,"2023-02-13","totta","Imposto do Selo sobre comissão",0.00,1751.00,"NULL"
1292,"2023-02-13","totta","Comissão de manutenção de conta pacote",-6.00,1751.00,"NULL"
1293,"2023-02-10","totta","Transferência para Andrea L Carvalho",-565.00,1756.00,"Transferência"
1294,"2023-02-10","totta","Transferência para Igreja Baptista De Coimbra",-208.00,2321.00,"Transferência"
1295,"2023-02-10","totta","Cantinho Doce",-7.00,2529.00,"restaurante"
1296,"2023-02-10","totta","Levantamento Condeixa-a-nova",-40.00,2536.00,"NULL"
1297,"2023-02-10","totta","Ctt - Correios",-3.00,2576.00,"alc"
1298,"2023-02-10","totta","Transferência para Nr. XXXXX3067",-50.00,2579.00,"Transferência"
1299,"2023-02-10","totta","Continente Bom Dia",-5.00,2629.00,"mercado"
1300,"2023-02-10","totta","Continente Bom Dia",-7.00,2634.00,"mercado"
1301,"2023-02-10","totta","Farmacia Santa Crist",-12.00,2641.00,"NULL"
1302,"2023-02-10","totta","The Body Shop",-12.00,2653.00,"NULL"
1303,"2023-02-10","totta","Petrogal",-156.00,2665.00,"fixas"
1304,"2023-02-09","totta","Q Sabor Hamburgueria",-18.00,2821.00,"restaurante"
1305,"2023-02-09","totta","Parque Do Hospital",-3.00,2839.00,"NULL"
1306,"2023-02-09","totta","Santa Casa Misericor",-35.00,2842.00,"NULL"
1307,"2023-02-09","totta","Bbgourmet",-10.00,2877.00,"NULL"
1308,"2023-02-09","totta","Bbgourmet",-17.00,2887.00,"NULL"
1309,"2023-02-09","totta","Mc Donalds Boavista",-1.00,2903.00,"restaurante"
1310,"2023-02-09","totta","Inter Condeixa",-38.00,2905.00,"mercado"
1311,"2023-02-09","totta","Trf.Créd.N.Sepa+recebida 0018375169600092502",2644.00,2943.00,"NULL"
1312,"2023-02-09","totta","Restaurante .come",-20.00,299.00,"restaurante"
1313,"2023-02-09","totta","Levantamento Condeixa-a-nova",-20.00,319.00,"NULL"
1314,"2023-02-08","totta","Transferência para Nr. Xxxxx8914",-17.00,339.00,"Transferência"
1315,"2023-02-08","totta","Continente",-46.00,355.00,"mercado"
1316,"2023-02-08","totta","Arcadia Forum",-4.00,401.00,"NULL"
1317,"2023-02-08","totta","Lefties",-9.00,405.00,"vestuario"
1318,"2023-02-08","totta","Bertrand Coimbra",-33.00,414.00,"NULL"
1319,"2023-02-08","totta","Celeiro Forum Coimbr",-18.00,447.00,"NULL"
1320,"2023-02-08","totta","Crc Coimbra",-65.00,465.00,"alc"
1321,"2023-02-08","totta","Inter Condeixa",-9.00,530.00,"mercado"
1322,"2023-02-08","totta","Farmacia Santa Crist",-19.00,539.00,"NULL"
1323,"2023-02-07","totta","Transferência para Equation Story Unipessoal Lda",-44.00,558.00,"Transferência"
1324,"2023-02-07","totta","Transferência para Maria Albertina Da Costa Neves Pimentel",-220.00,602.00,"Transferência"
1325,"2023-02-07","totta","Ctt - Correios",-6.00,822.00,"alc"
1326,"2023-02-07","totta","Cantinho Doce",-14.00,828.00,"restaurante"
1327,"2023-02-07","totta","Transferência para Nr. XXXXX7805",-40.00,842.00,"Transferência"
1328,"2023-02-07","totta","Restaurante Tinella",-80.00,882.00,"restaurante"
1329,"2023-02-07","totta","Meo Sa",-58.00,962.00,"fixas"
1330,"2023-02-06","totta","Pagamento de serviços",-12.00,1020.00,"NULL"
1331,"2023-02-06","totta","Transferência de Larissa Levindo",13.00,1032.00,"Transferência"
1332,"2023-02-06","totta","Pagamento Irn",-250.00,1019.00,"alc"
1333,"2023-02-06","totta","Transferência para Igreja Baptista De C",-62.00,1269.00,"Transferência"
1334,"2023-02-06","totta","Transferência de Larissa Levindo",250.00,1332.00,"Transferência"
1335,"2023-02-06","totta","Inter Condeixa",-5.00,1082.00,"mercado"
1336,"2023-02-06","totta","Adhoc Gim",-2.00,1086.00,"saude"
1337,"2023-02-06","totta","Trf.Créd.N.Sepa+recebida 0018375169600092022",321.00,1088.00,"NULL"
1338,"2023-02-06","totta","Via Verde",-31.00,767.00,"NULL"
1339,"2023-02-06","totta","Dglab",-50.00,798.00,"NULL"
1340,"2023-02-06","totta","Universo, Ime S.a.",-50.00,848.00,"NULL"
1341,"2023-02-06","totta","Mcdonalds Almegue",-6.00,898.00,"NULL"
1342,"2023-02-06","totta","Worten Forum Coimbra",-62.00,904.00,"NULL"
1343,"2023-02-06","totta","Bk Coimbra",-16.00,966.00,"NULL"
1344,"2023-02-03","totta","5287603 Dep.Notas",300.00,982.00,"NULL"
1345,"2023-02-03","totta","Cantinho Doce",-4.00,682.00,"restaurante"
1346,"2023-02-03","totta","Carregamento telemóvel",-12.00,686.00,"NULL"
1347,"2023-02-03","totta","Transferência de Maria Das Gracas Dos Santos",30.00,698.00,"Transferência"
1348,"2023-02-03","totta","Carregamento Vodafone Sa",-12.00,668.00,"fixas"
1349,"2023-02-03","totta","Comissão de disponibilização de cartão de débito",-6.00,680.00,"NULL"
1350,"2023-02-03","totta","Imposto do selo sobre comissão",0.00,686.00,"NULL"
1351,"2023-02-02","totta","Transferência para Igreja Baptista De Coimbra",-78.00,686.00,"Transferência"
1352,"2023-02-02","totta","Quintalao Livraria",-17.00,764.00,"diversos"
1353,"2023-02-02","totta","Transferência para Direcao Regional Da Cultura",-23.00,781.00,"Transferência"
1354,"2023-02-02","totta","Trf.Créd.N.Sepa+recebida 0018375169600091782",500.00,804.00,"NULL"
1355,"2023-02-02","totta","Continente Coimbra",-6.00,304.00,"mercado"
1356,"2023-02-02","totta","Pensão Instituto Nacional Do Seguro Social",275.00,309.00,"entrada"
1357,"2023-02-02","totta","Transferência para Nr. XXXXX7035",-250.00,34.00,"Transferência"
1358,"2023-02-02","totta","Credito Habitacao Geral (51/366)",-265.00,284.00,"bens"
1359,"2023-02-02","totta","Seguro multi-riscos",-15.00,550.00,"NULL"
1360,"2023-02-02","totta","Seguro de vida",-38.00,565.00,"NULL"
1361,"2023-02-01","totta","Pagamento Intrum Justitia",-138.00,603.00,"NULL"
1362,"2023-02-01","totta","Inter Condeixa",-50.00,741.00,"mercado"
1363,"2023-02-01","totta","Nails 4 Us",-29.00,791.00,"beleza"
1364,"2023-02-01","totta","Transferência de Marcia Fernandes Baptista Novari",138.00,820.00,"Transferência"
1365,"2023-02-01","totta","Via Verde",-35.00,682.00,"NULL"
1366,"2023-02-01","totta","Mun Cond A Nova",-41.00,717.00,"fixas"
1367,"2023-01-31","totta","Continente Bom Dia",-26.00,758.00,"mercado"
1368,"2023-01-31","totta","Transferência para Carlos Castanho Junior",-750.00,784.00,"Transferência"
1369,"2023-01-31","totta","Transferência de Franco Rosario",750.00,1534.00,"Transferência"
1370,"2023-01-31","totta","Pagamento de conta cartão",-1050.00,784.00,"NULL"
1371,"2023-01-31","totta","Transferência para Igreja Baptista De Coimbra",-94.00,1834.00,"Transferência"
1372,"2023-01-31","totta","Trf.Imed.   de Transferwise-R1181510",1130.00,1927.00,"NULL"
1373,"2023-01-31","totta","Farmacia Rocha",-11.00,797.00,"NULL"
1374,"2023-01-31","totta","Ikea Loures Caixas",-101.00,809.00,"NULL"
1375,"2023-01-31","totta","Subscrição Ppr Cap. Garantido",-25.00,910.00,"NULL"
1376,"2023-01-31","totta","Aegon Santander Portugal Vida",-35.00,935.00,"seguro"
1377,"2023-01-30","totta","Cantinho Doce",-8.00,970.00,"restaurante"
1378,"2023-01-30","totta","Transferência para Igreja Baptista De Coimbra",-75.00,978.00,"Transferência"
1379,"2023-01-30","totta","Cantinho Doce",-21.00,1053.00,"restaurante"
1380,"2023-01-30","totta","Inter Condeixa",-3.00,1074.00,"mercado"
1381,"2023-01-30","totta","Ikea Loures Ikea Foo",-5.00,1077.00,"NULL"
1382,"2023-01-30","totta","Ikea Loures Ikea Foo",-8.00,1082.00,"NULL"
1383,"2023-01-30","totta","Adhoc Gym",-20.00,1090.00,"NULL"
1384,"2023-01-30","totta","Ageas Portugal",-131.00,1110.00,"NULL"
1385,"2023-01-30","totta","Adhoc Gym",-38.00,1240.00,"NULL"
1386,"2023-01-30","totta","Celeiro Forum Coimbr",-28.00,1278.00,"NULL"
1387,"2023-01-30","totta","Taco Bell Forum Coim",-10.00,1307.00,"NULL"
1388,"2023-01-30","totta","Mini Preco Vasco Val",-14.00,1317.00,"mercado"
1389,"2023-01-30","totta","Continente Bom Dia",-2.00,1330.00,"mercado"
1390,"2023-01-30","totta","Continente Bom Dia",-33.00,1332.00,"mercado"
1391,"2023-01-30","totta","Mini Preco Vasco Val",-19.00,1365.00,"mercado"
1392,"2023-01-27","totta","A S Aveiras",-27.00,1385.00,"NULL"
1393,"2023-01-27","totta","Transferência de Gt Santos Dutra Cj",751.00,1412.00,"Transferência"
1394,"2023-01-27","totta","Restaurante .come",-19.00,661.00,"restaurante"
1395,"2023-01-27","totta","Transferência para Nr. XXXXX0136",-50.00,680.00,"Transferência"
1396,"2023-01-26","totta","Rest Tennessee",-52.00,730.00,"restaurante"
1397,"2023-01-26","totta","Transferência de Ruben Dario Serrano Rodriguez",200.00,782.00,"Transferência"
1398,"2023-01-25","totta","Pagamento Cx.p.adv.solicitador",-268.00,582.00,"alc"
1399,"2023-01-25","totta","Transferência para Marcley Da Costa Carvalho",-490.00,850.00,"Transferência"
1400,"2023-01-25","totta","Transferência para Igreja Baptista De Coimbra",-158.00,1340.00,"Transferência"
1401,"2023-01-25","totta","Transferência para Andrea L Carvalho",-315.00,1497.00,"Transferência"
1402,"2023-01-25","totta","Trf.Imed.   de Transferwise-R1149559",425.00,1812.00,"NULL"
1403,"2023-01-25","totta","Portitor",-25.00,1387.00,"NULL"
1404,"2023-01-25","totta","Crc Coimbra",-18.00,1412.00,"alc"
1405,"2023-01-25","totta","Aegon Santander Portugal Nao Vida",-23.00,1430.00,"seguro"
1406,"2023-01-24","totta","Levantamento Condeixa-a-nova",-20.00,1453.00,"NULL"
1407,"2023-01-24","totta","Cantinho Doce",-6.00,1473.00,"restaurante"
1408,"2023-01-24","totta","Transferência para Nr. XXXXX7805",-14.00,1479.00,"Transferência"
1409,"2023-01-24","totta","Adriana Caldeira",450.00,1493.00,"NULL"
1410,"2023-01-23","totta","Trf.Imed.   de Transferwise-R1140717",1015.00,1043.00,"NULL"
1411,"2023-01-23","totta","Transferência para Maria Das Gracas Dos Santos",-30.00,28.00,"Transferência"
1412,"2023-01-23","totta","Vitaminas Norte Shop",-8.00,58.00,"NULL"
1413,"2023-01-23","totta","Via Verde",-3.00,65.00,"NULL"
1414,"2023-01-23","totta","Quinta Lagrimas-rest",-88.00,68.00,"restaurante"
1415,"2023-01-20","totta","Transferência para Nr. XXXXX7805",-13.00,156.00,"Transferência"
1416,"2023-01-19","totta","Inter Condeixa",-64.00,169.00,"mercado"
1417,"2023-01-19","totta","Credito Pessoal (42/108)",-217.00,233.00,"NULL"
1418,"2023-01-18","totta","Transferência para Nr. XXXXX7805",-14.00,450.00,"Transferência"
1419,"2023-01-18","totta","Ctt - Correios",-4.00,464.00,"alc"
1420,"2023-01-18","totta","Transferência de Maria Das Gracas Dos Santos",33.00,468.00,"Transferência"
1421,"2023-01-18","totta","Continente Bom Dia",-32.00,435.00,"mercado"
1422,"2023-01-18","totta","Farmacia Rocha",-6.00,467.00,"NULL"
1423,"2023-01-17","totta","Pagamento Vodafone Sa",-37.00,473.00,"fixas"
1424,"2023-01-17","totta","Pagamento Vodafone Sa",-4.00,510.00,"fixas"
1425,"2023-01-17","totta","Trf. Cobr DUC 104123000320344",-403.00,514.00,"NULL"
1426,"2023-01-17","totta","Transferência para Igreja Baptista De Coimbra",-87.00,917.00,"Transferência"
1427,"2023-01-17","totta","Transferência para Equation Story Unipessoal Lda",-51.00,1004.00,"Transferência"
1428,"2023-01-17","totta","Inter Condeixa",-16.00,1055.00,"mercado"
1429,"2023-01-17","totta","Continente Bom Dia",-12.00,1070.00,"mercado"
1430,"2023-01-17","totta","Pingo Doce Condeixa",-73.00,1082.00,"mercado"
1431,"2023-01-17","totta","Lidl Agradece",-37.00,1155.00,"mercado"
1432,"2023-01-17","totta","Cont Bom Dia Coimbra",-21.00,1192.00,"mercado"
1433,"2023-01-17","totta","Videira & Filhos Lda",-8.00,1213.00,"NULL"
1434,"2023-01-17","totta","Crc Coimbra",-20.00,1221.00,"alc"
1435,"2023-01-17","totta","Levantamento Coimbra",-10.00,1241.00,"NULL"
1436,"2023-01-17","totta","Primark Coimbra",-15.00,1251.00,"vestuario"
1437,"2023-01-16","totta","Trf.Imed.   de Transferwise-R1105520",420.00,1266.00,"NULL"
1438,"2023-01-16","totta","Retrosaria O Fio Da",-17.00,846.00,"NULL"
1439,"2023-01-16","totta","Levantamento Condeixa-a-nova",-20.00,862.00,"NULL"
1440,"2023-01-16","totta","Transferência de Piauhylino - Associados Soc Advogados Sp Rl ,",76.00,882.00,"Transferência"
1441,"2023-01-16","totta","Transferência de Piauhylino - Associados Soc Advogados Sp Rl ,",554.00,806.00,"Transferência"
1442,"2023-01-16","totta","Mini Preco Vasco Val",-11.00,252.00,"mercado"
1443,"2023-01-16","totta","Continente",-11.00,263.00,"mercado"
1444,"2023-01-16","totta","Transferência para Nr. XXXXX7805",-14.00,274.00,"Transferência"
1445,"2023-01-16","totta","Retrosaria O Fio Da",-80.00,288.00,"NULL"
1446,"2023-01-16","totta","Imposto do Selo sobre comissão",0.00,368.00,"NULL"
1447,"2023-01-16","totta","Comissão de manutenção de conta pacote",-6.00,368.00,"NULL"
1448,"2023-01-13","totta","Transferência para Nr. XXXXX0136",-58.00,374.00,"Transferência"
1449,"2023-01-13","totta","Cantinho Doce",-12.00,432.00,"restaurante"
1450,"2023-01-13","totta","Transferência de Ruben Dario Serrano Rodriguez",73.00,444.00,"Transferência"
1451,"2023-01-13","totta","Notaria Tania",-36.00,371.00,"alc"
1452,"2023-01-12","totta","Continente Bom Dia",-35.00,407.00,"mercado"
1453,"2023-01-12","totta","Mdtec",-73.00,442.00,"alc"
1454,"2023-01-12","totta","Transferência para Nr. XXXXX2016",-30.00,515.00,"Transferência"
1455,"2023-01-12","totta","Crc Coimbra",-22.00,545.00,"alc"
1456,"2023-01-12","totta","Levantamento Coimbra",-10.00,567.00,"NULL"
1457,"2023-01-12","totta","Restaurante .come",-18.00,577.00,"restaurante"
1458,"2023-01-12","totta","Nails 4 Us",-29.00,595.00,"beleza"
1459,"2023-01-12","totta","Zara",-18.00,624.00,"NULL"
1460,"2023-01-12","totta","Petrogal",-22.00,642.00,"fixas"
1461,"2023-01-11","totta","Rest Tennessee",-27.00,664.00,"restaurante"
1462,"2023-01-11","totta","Trf. Cobr DUC 571009300382050",-5392.00,690.00,"NULL"
1463,"2023-01-11","totta","Transferência para Nr. XXXXX8914",-23.00,6082.00,"Transferência"
1464,"2023-01-11","totta","Auchan Coimbra",-15.00,6105.00,"NULL"
1465,"2023-01-11","totta","Celeiro Dieta",-20.00,6120.00,"NULL"
1466,"2023-01-11","totta","Correia & Combo Lda",-5.00,6140.00,"NULL"
1467,"2023-01-11","totta","La Casa De Las",-38.00,6145.00,"diversos"
1468,"2023-01-11","totta","H3 Alma Shopping",-21.00,6183.00,"restaurante"
1469,"2023-01-11","totta","Adhoc Gim",-32.00,6205.00,"saude"
1470,"2023-01-11","totta","Mini Preco Vasco Val",-28.00,6237.00,"mercado"
1471,"2023-01-10","totta","Transferência de Ruben Dario Serrano Rodriguez",5392.00,6265.00,"Transferência"
1472,"2023-01-10","totta","Pagamento ao Estado",-160.00,873.00,"NULL"
1473,"2023-01-10","totta","Ctt - Correios",-4.00,1033.00,"alc"
1474,"2023-01-10","totta","Petrogal",-152.00,1037.00,"fixas"
1475,"2023-01-09","totta","Pagamento de serviços",-33.00,1189.00,"NULL"
1476,"2023-01-09","totta","Transferência para Igreja Baptista De Coimbra",-43.00,1222.00,"Transferência"
1477,"2023-01-09","totta","Ctt - Correios",-8.00,1264.00,"alc"
1478,"2023-01-09","totta","Welcomebonus Lda",-12.00,1273.00,"NULL"
1479,"2023-01-09","totta","Levantamento Condeixa-a-velh",-20.00,1285.00,"NULL"
1480,"2023-01-09","totta","Adhoc Gim",-40.00,1305.00,"saude"
1481,"2023-01-09","totta","Trf.Créd.N.Sepa+recebida 0018375169600089562",426.00,1345.00,"NULL"
1482,"2023-01-09","totta","Carregamento Vodafone Sa",-16.00,919.00,"fixas"
1483,"2023-01-09","totta","Continente",-15.00,935.00,"mercado"
1484,"2023-01-06","totta","Q Sabor Hamburgueria",-24.00,950.00,"restaurante"
1485,"2023-01-06","totta","Imp.Selo-Renda - Janeiro 2023-E1443294",0.00,974.00,"NULL"
1486,"2023-01-06","totta","Comissão-Renda - Janeiro 2023-E1443294",-2.00,974.00,"NULL"
1487,"2023-01-06","totta","Transferência para Maria Albertina Da Costa Neves Pimentel",-220.00,976.00,"Transferência"
1488,"2023-01-06","totta","Transferência para Igreja Baptista De Coimbra",-130.00,1196.00,"Transferência"
1489,"2023-01-06","totta","Trf.Imed.   de Transferwise-R1052798",1300.00,1326.00,"NULL"
1490,"2023-01-06","totta","Cantinho Doce",-5.00,26.00,"restaurante"
1491,"2023-01-06","totta","Ctt - Correios",-3.00,30.00,"alc"
1492,"2023-01-06","totta","Universo, Ime S.a.",-50.00,33.00,"NULL"
1493,"2023-01-05","totta","Restaurante .come",-18.00,83.00,"restaurante"
1494,"2023-01-05","totta","Carregamento Vodafone Sa",-12.00,101.00,"fixas"
1495,"2023-01-05","totta","Meo Sa",-87.00,113.00,"fixas"
1496,"2023-01-04","totta","Inter Condeixa",-3.00,200.00,"mercado"
1497,"2023-01-04","totta","Hotelarias O Pote",-9.00,203.00,"restaurante"
1498,"2023-01-04","totta","Quintalao Livraria",-21.00,212.00,"diversos"
1499,"2023-01-04","totta","Farmacia Rocha",-8.00,232.00,"NULL"
1500,"2023-01-04","totta","Zara",-4.00,240.00,"NULL"
1501,"2023-01-03","totta","Cantinho Doce",-9.00,244.00,"restaurante"
1502,"2023-01-03","totta","Pagamento de conta cartão",-150.00,253.00,"NULL"
1503,"2023-01-03","totta","Transferência para Andrea Levindo Carvalho",-80.00,403.00,"Transferência"
1504,"2023-01-03","totta","Restaurante .come",-27.00,483.00,"restaurante"
1505,"2023-01-03","totta","Carregamento telemóvel",-12.00,510.00,"NULL"
1506,"2023-01-03","totta","Transferência de Xavier Depuydt",150.00,522.00,"Transferência"
1507,"2023-01-03","totta","Adhoc Gym",-40.00,372.00,"NULL"
1508,"2023-01-02","totta","Credito Habitacao Geral (50/366)",-265.00,412.00,"bens"
1509,"2023-01-02","totta","Seguro multi-riscos",-15.00,677.00,"NULL"
1510,"2023-01-02","totta","Seguro de vida",-38.00,692.00,"NULL"
1511,"2023-01-02","totta","Levantamento Condeixa-a-nova",-20.00,730.00,"NULL"
1512,"2023-01-02","totta","Transferência para Igreja Baptista De Coimbra",-50.00,750.00,"Transferência"
1513,"2023-01-02","totta","Pagamento de serviços",-280.00,800.00,"NULL"
1514,"2023-01-02","totta","Trf.Imed.   de Transferwise-R1026371",450.00,1080.00,"NULL"
1515,"2023-01-02","totta","Inter Condeixa",-25.00,630.00,"mercado"
1516,"2023-01-02","totta","Primark Coimbra",-10.00,655.00,"vestuario"
1517,"2023-01-02","totta","Mun Cond A Nova",-50.00,665.00,"fixas"
1518,"2023-01-02","totta","Imp.Selo-Igreja Baptista de C-E2644897",0.00,715.00,"NULL"
1519,"2023-01-02","totta","Comissão-Igreja Baptista de C-E2644897",-2.00,716.00,"NULL"
1520,"2023-01-02","totta","Transferência para Igreja Baptista De C",-35.00,717.00,"Transferência"
1521,"2023-01-02","totta","Farmacia Rocha",-15.00,752.00,"NULL"
1522,"2023-01-02","totta","Q Sabor Hamburgueria",-19.00,767.00,"restaurante"
1523,"2023-01-02","totta","Pingo Doce Condeixa",-16.00,786.00,"mercado"
1524,"2023-01-02","totta","Lidl Agradece",-18.00,802.00,"mercado"
